Date,Description,Credit,Debit,Balance
27/03/26,TRANSFER | UPI20260327000115122 | 608671693511 | Mubaraq Basha | AIRP0000001/917676142936 | Sent using Paytm UPI | U@0613267,,57.00,"-7,499.76"
26/03/26,TRANSFER | UPI20260326000535783 | 608502260538 | Thanushree N | U@0761241,,46.00,"-7,442.76"
26/03/26,TRANSFER | UPI20260326000528291 | 608531138911 | CHIDANAND R HIREMATH | U@0464543,,80.00,"-7,396.76"
26/03/26,TRANSFER | UPI20260326000446188 | 399619266175 | Bangalore Metro Rail Corporation Lt | U@0852912,,100.00,"-7,316.76"
26/03/26,TRANSFER | UPI20260326000386584 | 608599549628 | Mrs RANI K | U@0744376,,15.00,"-7,216.76"
26/03/26,TRANSFER | UPI20260326000375666 | 645110282424 | CRED Club | U@0652612,,"49,833.75","-7,201.76"
26/03/26,TRANSFER | UPI20260326000371064 | 202682120238 | SOUNDARYA L | U@0444489,,80.00,"42,631.99"
26/03/26,TRANSFER | UPI20260326000297285 | 399605835951 | LOKESHA NAIK | U@0640974,,58.00,"42,711.99"
26/03/26,TRANSFER | UPI20260326000221455 | 608596958567 | BMTC BUS KA51AK4202 | U@0725334,,18.00,"42,769.99"
25/03/26,TRANSFER | UPI20260325000452903 | 202623173193 | Jio | U@0152844,,902.00,"42,787.99"
25/03/26,TRANSFER | UPI20260325000436848 | 399557431892 | Raja Kumar Ram | U@0151004,,437.00,"43,689.99"
25/03/26,TRANSFER | UPI20260325000290759 | 202607961953 | YASAR ARFATH KHAN | U@0537375,,309.00,"44,126.99"
23/03/26,TRANSFER | UPI20260323001110752 | 608267952523 | KARTHIK H N | U@0942198,"70,000.00",,"44,435.99"
20/03/26,TRANSFER | UPI20260320000504147 | 202312212690 | PUNARVI P | U@0361798,,363.00,"-25,564.01"
20/03/26,TRANSFER | UPI20260320000378025 | 607913044900 | MOHAMMAD IBRAHIM | U@0247417,,56.00,"-25,201.01"
20/03/26,TRANSFER | UPI20260320000325163 | 399261661284 | BMTC BUS KA57F4916 | U@0639389,,15.00,"-25,145.01"
20/03/26,TRANSFER | UPI20260320000319375 | 399261190576 | BMTC BUS KA51AK7322 | U@0735706,,6.00,"-25,130.01"
20/03/26,TRANSFER | UPI20260320000293798 | 399259064241 | THE AMRITH CAFE | U@0834212,,60.00,"-25,124.01"
20/03/26,TRANSFER | UPI20260320000263503 | 097420705280 | ROHITH K H | U@0829801,500.00,,"-25,064.01"
20/03/26,TRANSFER | UPI20260320000245873 | 399255212270 | RAGHAVENDRA TIFFIN | U@0533677,,60.00,"-25,564.01"
20/03/26,TRANSFER | UPI20260320000112673 | 607929108048 | BMTC BUS KA57F4923 | U@0814340,,16.00,"-25,504.01"
18/03/26,TRANSFER | UPI20260318000216812 | 607708204370 | RAGHAVENDRA TIFFIN | U@0727926,,50.00,"-25,488.01"
18/03/26,TRANSFER | UPI20260318000090570 | 601140529450 | MALAPPA SO SHIVANNA | U@0312571,,54.00,"-25,438.01"
17/03/26,TRANSFER | UPI20260317000400638 | 607669076772 | Pramod E U | U@0251447,,70.00,"-25,384.01"
16/03/26,TRANSFER | UPI20260316001587085 | 607582237122 | NABIRASUL | U@0994207,,40.00,"-25,314.01"
15/03/26,TRANSFER | UPI20260316001286085 | 607407979036 | KARTHIK H N | U@1655790,300.00,,"-25,274.01"
13/03/26,TRANSFER | UPI20260313000078809 | 607203010418 | YALLALING | U@0311236,,60.00,"-25,574.01"
12/03/26,TRANSFER | UPI20260312000143515 | 398773628197 | KARTHIK H N | U@0217547,,150.00,"-25,514.01"
12/03/26,TRANSFER | UPI20260312000142719 | 910346105978 | RAVICHANDRA U | U@0319871,200.00,,"-25,364.01"
12/03/26,TRANSFER | UPI20260312000041629 | 607135388213 | NABIRASUL | U@0505700,,25.00,"-25,564.01"
11/03/26,TRANSFER | UPI20260311000649669 | 607051259192 | NABIRASUL | U@0882038,,41.00,"-25,539.01"
11/03/26,TRANSFER | UPI20260311000595271 | 607071187361 | M G SRINIVASA | U@0573904,,46.00,"-25,498.01"
11/03/26,TRANSFER | UPI20260311000590810 | 643699380929 | KARTHIK H N | U@0173512,50.00,,"-25,452.01"
11/03/26,TRANSFER | UPI20260311000589311 | 201728861823 | VARSHITHA N N VARSHITHA | U@0772485,,11.00,"-25,502.01"
11/03/26,TRANSFER | UPI20260311000506435 | 607040954445 | Bangalore Metro Rail Corporation Lt | U@0659212,,50.00,"-25,491.01"
11/03/26,TRANSFER | UPI20260311000424294 | 643645145257 | KARTHIK H N | U@0552549,,80.00,"-25,441.01"
10/03/26,TRANSFER | UPI20260310000445527 | 606917350600 | SETHURAMU S R | U@0354097,,90.00,"-25,361.01"
09/03/26,TRANSFER | UPI20260309001395000 | 208376290018 | D G NARAYANA | U@1564702,,100.00,"-25,271.01"
08/03/26,TRANSFER | UPI20260309000679118 | 600588691670 | MIAMI SUPERMARKET | U@0687835,,82.00,"-25,171.01"
08/03/26,TRANSFER | UPI20260309000577065 | 643346838055 | KARTHIK H N | U@0565592,100.00,,"-25,089.01"
08/03/26,TRANSFER | UPI20260309000065195 | 398530704823 | NABIRASUL | U@0108371,,36.00,"-25,189.01"
07/03/26,TRANSFER | UPI20260307000337910 | 398488050857 | ETERNAL LIMITED | U@0840893,,186.65,"-25,153.01"
06/03/26,TRANSFER | UPI20260306000393416 | 398434648595 | JANAPRIYA STORE | U@0146272,,50.00,"-24,966.36"
06/03/26,TRANSFER | UPI20260306000359821 | 600439377892 | Parkash Sirvi | U@0540944,,30.00,"-24,916.36"
06/03/26,TRANSFER | UPI20260306000352881 | 643195090292 | KARTHIK H N | U@0844036,70.00,,"-24,886.36"
06/03/26,TRANSFER | UPI20260306000349246 | 643189872433 | KARTHIK H N | U@0140774,130.00,,"-24,956.36"
05/03/26,TRANSFER | UPI20260305000665793 | 201343652857 | NABIRASUL | U@0383377,,10.00,"-25,086.36"
05/03/26,TRANSFER | UPI20260305000665210 | 398398061799 | NABIRASUL | U@0481299,,20.00,"-25,076.36"
05/03/26,TRANSFER | UPI20260305000660720 | 201343309735 | MANJUNATH C P | U@0480979,,65.00,"-25,056.36"
05/03/26,TRANSFER | UPI20260305000657851 | 606459104721 | Shree Ranganatha Vegetables Store | U@0176913,,10.00,"-24,991.36"
05/03/26,TRANSFER | UPI20260305000655522 | 606459072844 | Shree Ranganatha Vegetables Store | U@0880977,,80.00,"-24,981.36"
05/03/26,TRANSFER | UPI20260305000640580 | 201341869595 | Mr ANJANEYA D T | U@0580599,,20.00,"-24,901.36"
05/03/26,TRANSFER | UPI20260305000528320 | 048303752826 | D G NARAYANA | U@0759825,,200.00,"-24,881.36"
05/03/26,TRANSFER | UPI20260305000417345 | 600385437575 | H R SRINIVASA | U@0746754,,47.00,"-24,681.36"
05/03/26,TRANSFER | UPI20260305000407732 | 606472567060 | CHIDANAND R HIREMATH | U@0450211,,50.00,"-24,634.36"
05/03/26,TRANSFER | UPI20260305000112407 | 600364258300 | Bangalore Metro Rail Corporation Lt | U@0614415,,150.00,"-24,584.36"
05/03/26,TRANSFER | UPI20260305000111296 | 201299771287 | KRISHNEGOWDA M B | U@0513353,,46.00,"-24,434.36"
05/03/26,TRANSFER | UPI20260305000092194 | 606426371213 | KARTHIK H N | U@0310954,,200.00,"-24,388.36"
04/03/26,TRANSFER | UPI20260304000475022 | 398328541128 | ZOMATO | U@0361532,,254.15,"-24,188.36"
04/03/26,TRANSFER | ECS-BD-IndusindBankLoan | TIAJ13227787 | 3131639358 | Z@ED32391,,"11,377.00","-23,934.21"
03/03/26,SALARY CREDIT,"10,000.00",,"-12,557.21"
03/03/26,TRANSFER | UPI CR For | 600111934866 | 02-Mar-26 | U | ILME14583,,40.00,"-22,557.21"
03/03/26,TRANSFER | UPI20260303002086721 | 398271905229 | Burger King India | U@1858468,,124.92,"-22,517.21"
03/03/26,TRANSFER | UPI20260303001916191 | 398263894975 | Burger King | U@1838785,,145.92,"-22,392.29"
03/03/26,TRANSFER | UPI20260303001826316 | 398258515829 | Burger King | U@2129318,,156.42,"-22,246.37"
02/03/26,TRANSFER | UPI20260302002745536 | 398237367900 | RAJESH | U@3036111,,46.00,"-22,089.95"
02/03/26,TRANSFER | UPI20260302002738396 | 606124506405 | CHIDANAND R HIREMATH | U@3035574,,70.00,"-22,043.95"
02/03/26,TRANSFER | UPI20260302002710069 | 600240167208 | KARTHIK H N | U@3129212,,"20,000.00","-21,973.95"
02/03/26,TRANSFER | UPI20260302002671780 | 606159102632 | RANJITH KUMAR | U@3124481,,50.00,"-1,973.95"
02/03/26,TRANSFER | UPI20260302002666945 | 606123426230 | Bangalore Metro Rail Corporation Lt | U@2536620,,100.00,"-1,923.95"
02/03/26,TRANSFER | UPI20260302002307798 | 398203406928 | RAGHAVENDRA TIFFIN | U@2180297,,60.00,"-1,823.95"
01/03/26,TRANSFER | UPI20260302001833237 | 606027776029 | KARTHIK H N | U@2323238,,100.00,"-1,763.95"
01/03/26,TRANSFER | UPI20260302001386400 | 600149639191 | ZOMATO | U@1371391,,143.34,"-1,663.95"
01/03/26,TRANSFER | UPI20260302001083601 | 600129839379 | KARTHIK H N | U@1629121,,600.00,"-1,520.61"
28/02/26,TRANSFER | UPI20260302000780136 | 605996703230 | Mr MANJUNATHA G | U@0194918,,30.00,-920.61
28/02/26,TRANSFER | UPI20260302000777615 | 605936174556 | MANJUNATH C P | U@0297776,,90.00,-890.61
28/02/26,TRANSFER | UPI20260302000768630 | 605946190949 | Ranganatha Gobi Centre | U@0693143,,60.00,-800.61
28/02/26,TRANSFER | UPI20260302000764409 | 605926155008 | SUBHAS | U@0692771,,40.00,-740.61
28/02/26,TRANSFER | UPI20260302000763918 | 600111934866 | SUBHAS | U@0394402,,40.00,-700.61
28/02/26,TRANSFER | UPI20260302000128292 | 605965266403 | Jio Prepaid Recharges | U@0116204,,329.00,-660.61
28/02/26,TRANSFER | UPI20260302000008640 | 605994227148 | KARTHIK H N | U@0401374,,150.00,-331.61
27/02/26,TRANSFER | UPI20260227000685862 | 605883158359 | RAVIKUMAR B P | U@0189406,,56.00,-181.61
27/02/26,TRANSFER | UPI20260227000673070 | 605882963434 | CHIDANAND R HIREMATH | U@0680721,,25.00,-125.61
27/02/26,TRANSFER | UPI20260227000646754 | 605834687082 | KARTHIK H N | U@0377656,,500.00,-100.61
27/02/26,TRANSFER | UPI20260227000334004 | 605877413705 | BARAKAH FOODS | U@0739722,,50.00,399.39
27/02/26,TRANSFER | UPI20260227000317113 | 398022603901 | RAGHAVENDRA TIFFIN | U@0335511,,60.00,449.39
27/02/26,TRANSFER | UPI20260227000191976 | 398014872377 | Sangameshwar | U@0822726,,54.00,509.39
26/02/26,TRANSFER | UPI20260226000452705 | 397983646116 | KANTESH LAMANI | U@0656748,,60.00,563.39
26/02/26,TRANSFER | UPI20260226000385240 | 642350277309 | KARTHIK H N | U@0843193,"18,000.00",,623.39
26/02/26,TRANSFER | UPI20260226000231817 | 605762790005 | THE AMRITH CAFE | U@0824791,,46.00,"-17,376.61"
25/02/26,TRANSFER | UPI20260225000461155 | 699928391532 | Pramod E U | U@0457810,,60.00,"-17,330.61"
25/02/26,TRANSFER | UPI20260225000419002 | 397923093560 | SETHURAMU S R | U@0452482,,90.00,"-17,270.61"
25/02/26,TRANSFER | UPI20260225000364948 | 699919000718 | PRAMOD KUMAR | U@0444397,,40.00,"-17,180.61"
25/02/26,TRANSFER | UPI20260225000118647 | 200799095302 | KARTHIK H N | U@0712187,,100.00,"-17,140.61"
25/02/26,TRANSFER | UPI20260225000116189 | 605641208011 | YASHAVANTH M J | U@0814092,,46.00,"-17,040.61"
24/02/26,TRANSFER | UPI20260224000617130 | 642116239875 | CRED Club | U@0176062,,"49,833.75","-16,994.61"
24/02/26,TRANSFER | UPI20260224000608476 | 505703780076 | KARTHIK H N | U@0270722,"31,000.00",,"32,839.14"
24/02/26,TRANSFER | UPI20260224000482772 | 397873759929 | NABIRASUL | U@0459074,,30.00,"1,839.14"
24/02/26,TRANSFER | UPI20260224000305726 | 397857652085 | Burger King | U@0837415,,104.96,"1,869.14"
24/02/26,TRANSFER | UPI20260224000226267 | 397852038262 | Burger King | U@0428220,,131.22,"1,974.10"
24/02/26,TRANSFER | UPI20260224000195910 | 605550005789 | Smart Bangalore 6225 | U@0222334,,72.00,"2,105.32"
23/02/26,TRANSFER | UPI20260223001095434 | 605449115580 | Mrs SAMSHAD BEGUM THAVARAKUNTA | U@0936953,,50.00,"2,177.32"
23/02/26,TRANSFER | UPI20260223001090614 | 605469114725 | Prakash Sangappa Inamadar | U@1135815,,60.00,"2,227.32"
23/02/26,TRANSFER | UPI20260223001084311 | 605449089720 | Mr PARASHURAM SANGAPPA INAMDAR | U@1428175,,70.00,"2,287.32"
23/02/26,TRANSFER | UPI20260223001081116 | 397814029485 | KUMARNAIK C | U@1427696,,30.00,"2,357.32"
23/02/26,TRANSFER | UPI20260223001078678 | 605409102443 | ADVIKA ROTI CORNER | U@1427447,,45.00,"2,387.32"
23/02/26,TRANSFER | UPI20260223001052913 | 699810744523 | RAGHU M T | U@1032499,,100.00,"2,432.32"
23/02/26,TRANSFER | UPI20260223001017149 | 699807184886 | sogadu | U@0926749,,25.00,"2,532.32"
23/02/26,TRANSFER | UPI20260223000969516 | 699802744907 | sogadu | U@0920909,,225.00,"2,557.32"
23/02/26,TRANSFER | UPI20260223000958678 | 699801764498 | DAVOOD HAKEEM | U@0919191,,300.00,"2,782.32"
23/02/26,TRANSFER | UPI20260223000920372 | 605438664739 | KARTHIK H N | U@1409006,,100.00,"3,082.32"
23/02/26,TRANSFER | UPI20260223000852046 | 200684812972 | Airtel | U@0699713,,380.80,"3,182.32"
23/02/26,TRANSFER | UPI20260223000792588 | 397788988142 | ZOMATO LIMITED | U@0693233,,163.00,"3,563.12"
22/02/26,TRANSFER | UPI20260223000345996 | 200639652617 | Blinkit | U@0241566,,389.00,"3,726.12"
22/02/26,TRANSFER | UPI20260223000062689 | 699723865327 | ZOMATO | U@0407807,,195.72,"4,115.12"
22/02/26,TRANSFER | UPI20260223000057576 | 605326760742 | NABIRASUL | U@0206954,,84.00,"4,310.84"
21/02/26,TRANSFER | UPI20260221000635221 | 200602156157 | KARTHIK H N | U@0178481,,200.00,"4,394.84"
21/02/26,TRANSFER | UPI20260221000429323 | 397696785567 | ZOMATO LIMITED | U@0851492,,224.02,"4,594.84"
21/02/26,TRANSFER | UPI20260221000066483 | 397668292821 | ZOMATO | U@0807668,,194.60,"4,818.86"
20/02/26,TRANSFER | UPI20260220000554598 | 605104187758 | Ranganatha Gobi Centre | U@0265002,,60.00,"5,013.46"
20/02/26,TRANSFER | UPI20260220000325059 | 200514205675 | THE AMRITH CAFE | U@0739257,,130.00,"5,073.46"
19/02/26,TRANSFER | UPI20260219000176739 | 699559262495 | GOWDAS | U@0520867,,120.00,"5,203.46"
19/02/26,TRANSFER | UPI20260219000078833 | 699551377598 | KARTHIK H N | U@0408915,,300.00,"5,323.46"
18/02/26,TRANSFER | UPI20260218000450046 | 604941585629 | GOVINDA SETTY D | U@0652878,,30.00,"5,623.46"
18/02/26,TRANSFER | UPI20260218000428819 | 397527461193 | SETHURAMU S R | U@0554033,,50.00,"5,653.46"
17/02/26,TRANSFER | UPI20260217000512456 | 604830102349 | DEVARAJU | U@0861892,,43.00,"5,703.46"
17/02/26,TRANSFER | UPI20260217000505789 | 604800137504 | CHIDANAND R HIREMATH | U@0257555,,25.00,"5,746.46"
17/02/26,TRANSFER | UPI20260217000504936 | 641499351181 | KARTHIK H N | U@0660734,50.00,,"5,771.46"
17/02/26,TRANSFER | SBIN326048855498 | SBINN52026021713992742 | NEFT FROM EMPLOYEE PROVIDENT FUND O | SBOI | 2026/02/17 170642 SBIN326048855498 | YIR130402,"40,000.00",,"5,721.46"
13/02/26,TRANSFER | UPI20260213000217472 | 397201174595 | ETERNAL LIMITED | U@0342490,,102.92,"-34,278.54"
12/02/26,TRANSFER | UPI20260212000312198 | 397149531001 | KARTHIK H N | U@0261203,,200.00,"-34,175.62"
12/02/26,TRANSFER | UPI20260212000276998 | 299977617629 | ZOMATO | U@0253989,,178.01,"-33,975.62"
11/02/26,TRANSFER | UPI20260211000563602 | 604200113943 | NABIRASUL | U@1007619,,10.00,"-33,797.61"
11/02/26,TRANSFER | UPI20260211000563086 | 604223812156 | NABIRASUL | U@0612619,,49.00,"-33,787.61"
11/02/26,TRANSFER | UPI20260211000563078 | 604270106040 | NABIRASUL | U@0711737,,20.00,"-33,738.61"
11/02/26,TRANSFER | UPI20260211000547933 | 604282089943 | D G NARAYANA | U@0708694,100.00,,"-33,718.61"
11/02/26,TRANSFER | UPI20260211000266961 | 604259303993 | ETERNAL LIMITED | U@0350724,,276.25,"-33,818.61"
10/02/26,TRANSFER | UPI20260210000487160 | 604178186884 | amazon pay groceries | U@0296801,,511.00,"-33,542.36"
10/02/26,TRANSFER | UPI20260210000440137 | 299859564366 | ZOMATO LIMITED | U@0585435,,152.80,"-33,031.36"
09/02/26,TRANSFER | UPI20260209001256560 | 604026375308 | Pramod E U | U@1147250,,50.00,"-32,878.56"
09/02/26,TRANSFER | UPI20260209001052379 | 604035892668 | DUSHYANTH J | U@1206996,,188.00,"-32,828.56"
09/02/26,TRANSFER | UPI20260209001002855 | 396958722351 | ABDUL RAHIM | U@0697110,,80.00,"-32,640.56"
09/02/26,TRANSFER | UPI20260209000957434 | 604097843574 | JAGADEESHA H | U@0986976,,50.00,"-32,560.56"
09/02/26,TRANSFER | UPI20260209000951448 | 604015709666 | DURGARAM | U@1086667,,5.00,"-32,510.56"
08/02/26,TRANSFER | UPI20260209000482103 | 698941983974 | Zomatofood | U@0593800,,198.45,"-32,505.56"
08/02/26,TRANSFER | UPI CR For | 396863680550 | 07-Feb-26 | U | R96606241,853.00,,"-32,307.11"
08/02/26,TRANSFER | UPI CR For | 396863598130 | 07-Feb-26 | U | R96605562,853.00,,"-33,160.11"
08/02/26,TRANSFER | UPI20260209000340888 | 603914422024 | PARAMESH | U@0565563,,10.00,"-34,013.11"
08/02/26,TRANSFER | UPI20260209000294917 | 698924293803 | KAMALAMMA | U@0157845,,60.00,"-34,003.11"
07/02/26,TRANSFER | UPI20260207000605784 | 396864421130 | VARSHITHA N N VARSHITHA | U@0620402,,700.00,"-33,943.11"
07/02/26,TRANSFER | UPI20260207000605211 | 640486588376 | KARTHIK H N | U@0620304,700.00,,"-33,243.11"
07/02/26,TRANSFER | UPI20260207000596464 | 396863680550 | VISHAL MEGA MART | U@0916837,,853.00,"-33,943.11"
07/02/26,TRANSFER | UPI20260207000595144 | 396863598130 | VISHAL MEGA MART | U@0817484,,853.00,"-33,090.11"
07/02/26,TRANSFER | UPI20260207000333655 | 396843583102 | ARBIYA N | U@0166483,,250.00,"-32,237.11"
07/02/26,TRANSFER | UPI20260207000283184 | 396839979299 | ASHA SWEET CENTER | U@0354204,,90.00,"-31,987.11"
07/02/26,TRANSFER | UPI20260207000075606 | 698837757757 | BYLAMMA EDUCATIONAL AND | U@0514931,,"8,000.00","-31,897.11"
06/02/26,TRANSFER | UPI20260206000693045 | 640388420078 | KARTHIK H N | U@0736131,"10,000.00",,"-23,897.11"
06/02/26,TRANSFER | UPI CR For | 698752824794 | 05-Feb-26 | U | ILME37754,110.00,,"-33,897.11"
06/02/26,TRANSFER | UPI20260206000443328 | 603731297463 | PIZZA HUT | U@0586632,,55.00,"-34,007.11"
06/02/26,TRANSFER | UPI20260206000405462 | 396789913817 | PIZZA HUT | U@0479338,,104.00,"-33,952.11"
06/02/26,TRANSFER | UPI20260206000290782 | 603666853170 | UPI Credit for reference | U@0456859,100.00,,"-33,848.11"
06/02/26,TRANSFER | UPI20260206000275195 | 603779976059 | KARTHIK H N | U@0254349,100.00,,"-33,948.11"
06/02/26,TRANSFER | UPI20260206000262805 | 603710924540 | SR Enterprises | U@0550841,,15.00,"-34,048.11"
06/02/26,TRANSFER | UPI20260206000181085 | 396772783015 | MARUTHI SAVANUR | U@0534531,,43.00,"-34,033.11"
06/02/26,TRANSFER | UPI20260206000095602 | 698774912215 | Mr S N VEERABHADRAIAH | U@0319984,,20.00,"-33,990.11"
05/02/26,TRANSFER | UPI20260205000614935 | 698752824794 | Pramod E U | U@0920008,,110.00,"-33,970.11"
05/02/26,TRANSFER | UPI20260205000252259 | 299555141203 | PharmEasy | U@0150206,,314.14,"-33,860.11"
04/02/26,SALARY CREDIT,"10,000.00",,"-33,545.97"
04/02/26,TRANSFER | UPI CR For | 603466604826 | 03-Feb-26 | U | ILME52881,80.00,,"-43,545.97"
04/02/26,TRANSFER | ECS-BD-IndusindBankLoan | TIAJ13142295 | 3944740143 | Z@ED16854,,"11,377.00","-43,625.97"
03/02/26,TRANSFER | UPI20260203002001702 | 603466604826 | VANITHA D S | U@2096712,,80.00,"-32,248.97"
03/02/26,TRANSFER | UPI20260203001911651 | 603446386238 | Mrs RANI K | U@1682229,,45.00,"-32,168.97"
03/02/26,TRANSFER | UPI20260203001606466 | 603465986153 | M S SWAMY | U@2018417,,63.00,"-32,123.97"
03/02/26,TRANSFER | UPI20260203001425873 | 603415857764 | KEMPARAJU N | U@1386386,,43.00,"-32,060.97"
02/02/26,TRANSFER | UPI20260202000632379 | 396567788238 | VANITHA D S | U@1023044,,90.00,"-32,017.97"
02/02/26,TRANSFER | UPI20260202000518833 | 603364797205 | THE AMRITH CAFE | U@0900606,,90.00,"-31,927.97"
02/02/26,TRANSFER | UPI20260202000441556 | 698544121409 | KARTHIK H N | U@0385761,,"22,500.00","-31,837.97"
02/02/26,TRANSFER | UPI20260202000382514 | 603314509919 | Mrs RANI K | U@0475973,,31.00,"-9,337.97"
02/02/26,TRANSFER | UPI20260202000325079 | 396543881029 | VASUDEVA K | U@0363530,,63.00,"-9,306.97"
02/02/26,TRANSFER | UPI20260202000253477 | 299385202701 | Devaraju B G | U@0249895,,43.00,"-9,243.97"
01/02/26,TRANSFER | UPI20260201000763088 | 603273608693 | KARTHIK H N | U@0950843,,100.00,"-9,200.97"
01/02/26,TRANSFER | UPI20260201000409891 | 299338833762 | ZOMATO LIMITED | U@0378743,,236.30,"-9,100.97"
01/02/26,TRANSFER | UPI20260201000384031 | 603222825076 | ZOMATO LIMITED | U@0274527,,166.30,"-8,864.67"
01/02/26,TRANSFER | UPI20260201000163479 | 603216511240 | NH | U@0532143,,374.00,"-8,698.37"
31/01/26,TRANSFER | UPI20260131000353013 | 603141796783 | NAVEEN KUMAR S V | U@0368440,,500.00,"-8,324.37"
31/01/26,TRANSFER | UPI20260131000350707 | 603161225705 | NAVEEN KUMAR S V | U@0468567,,1.00,"-7,824.37"
31/01/26,TRANSFER | UPI20260131000235077 | 396421200270 | RANGANATHA B S SO SOMANNA | U@0345429,,45.00,"-7,823.37"
30/01/26,TRANSFER | UPI20260130000655251 | 698375375721 | RAM MEDICALS | U@0828563,,190.00,"-7,778.37"
30/01/26,TRANSFER | UPI20260130000648514 | 396395841502 | SHASHANK D M | U@0727610,,10.00,"-7,588.37"
30/01/26,TRANSFER | UPI20260130000613468 | 603040240570 | MANJUNATHA D M | U@1018084,,43.00,"-7,578.37"
30/01/26,TRANSFER | UPI20260130000521747 | 603097910024 | KARTHIK H N | U@0801829,100.00,,"-7,535.37"
30/01/26,TAX | KA SGST @ 9.0000 % | GS2603000000165303 | CHG | R96605164,,24.75,"-7,635.37"
30/01/26,TAX | KA CGST @ 9.0000 % | GS2603000000165302 | CHG | R96605164,,24.75,"-7,610.62"
30/01/26,SVC CHG | Ach Ecs debit | INSUFFICIENT FUNDS | 3755467281 | 4-Jan-26 | CHG | GS2603000000165301 | R96605164,,275.00,"-7,585.87"
29/01/26,TRANSFER | UPI20260129000593501 | 602948921213 | H SANJEEVAPPA | U@1307695,,49.00,"-7,310.87"
29/01/26,TRANSFER | UPI20260129000582069 | 602958898263 | CHIDANAND R HIREMATH | U@1105474,,25.00,"-7,261.87"
29/01/26,TRANSFER | UPI20260129000565763 | 698317987734 | KARTHIK H N | U@1401993,,300.00,"-7,236.87"
29/01/26,TRANSFER | UPI20260129000508231 | 602938695819 | Bangalore Metro Rail Corporation Lt | U@0701650,,100.00,"-6,936.87"
29/01/26,TRANSFER | UPI20260129000131754 | 602908079485 | KARTHIK H N | U@0324769,,910.00,"-6,836.87"
28/01/26,TRANSFER | UPI20260128000577620 | 602827559447 | KARTHIK H N | U@0812930,,500.00,"-5,926.87"
28/01/26,TRANSFER | UPI20260128000442196 | 602857255902 | SIKANDAR PASHA | U@0288110,,424.00,"-5,426.87"
28/01/26,TRANSFER | UPI20260128000379351 | 396269594032 | ETERNAL LIMITED | U@0172138,,151.70,"-5,002.87"
28/01/26,TRANSFER | UPI20260128000369563 | 602857058001 | K A Madeen | U@0633722,,258.00,"-4,851.17"
28/01/26,TRANSFER | UPI20260128000179750 | 602802045455 | KARTHIK H N | U@0335493,"38,500.00",,"-4,593.17"
28/01/26,TRANSFER | UPI20260128000154384 | 698217748129 | NARASIMHARAJU S | U@0231655,,370.00,"-43,093.17"
28/01/26,TRANSFER | UPI20260128000055518 | 602813834592 | D G NARAYANA | U@0409125,"1,000.00",,"-42,723.17"
27/01/26,TRANSFER | UPI20260127002637247 | 602745772872 | KARTHIK H N | U@3017980,,100.00,"-43,723.17"
27/01/26,TRANSFER | UPI20260127002553570 | 602745838740 | RAJESH | U@2903304,,56.00,"-43,623.17"
27/01/26,TRANSFER | UPI20260127002192980 | 396194007343 | ABHILASH H S | U@2708069,,51.00,"-43,567.17"
27/01/26,TRANSFER | UPI20260127002182969 | 602704978926 | SHASHANK D M | U@2524392,,16.00,"-43,516.17"
26/01/26,TRANSFER | UPI20260127001934349 | 602635243020 | DURGARAM | U@2258075,,20.00,"-43,500.17"
26/01/26,TRANSFER | UPI20260127001781474 | 602614079701 | Gangadevi G N | U@2227359,,43.00,"-43,480.17"
26/01/26,TRANSFER | UPI20260127001646374 | 639200326643 | CRED Club | U@1926714,,"49,823.25","-43,437.17"
26/01/26,TRANSFER | UPI20260127001556306 | 639222401830 | KARTHIK H N | U@1808089,"5,000.00",,"6,386.08"
26/01/26,TRANSFER | UPI20260127001549656 | 639264225001 | KARTHIK H N | U@1907357,"5,000.00",,"1,386.08"
25/01/26,TRANSFER | UPI20260127001110112 | 602522493951 | KARTHIK H N | U@1321326,,50.00,"-3,613.92"
24/01/26,TRANSFER | UPI20260127000126036 | 602430384617 | KARTHIK H N | U@0523353,,500.00,"-3,563.92"
22/01/26,TRANSFER | UPI20260122000485802 | 638859953872 | Bhagyamma V G | U@0195686,278.00,,"-3,063.92"
22/01/26,TRANSFER | UPI20260122000480928 | 395950089083 | ZOMATO | U@0493797,,277.25,"-3,341.92"
21/01/26,TRANSFER | UPI20260121000587110 | 602183710034 | Hemanth Kumar B M | U@0616883,,43.00,"-3,064.67"
21/01/26,TRANSFER | UPI20260121000582112 | 602116911295 | CHIDANAND R HIREMATH | U@0813396,,80.00,"-3,021.67"
21/01/26,TRANSFER | UPI20260121000564442 | 395900724549 | KARTHIK H N | U@0612261,,400.00,"-2,941.67"
21/01/26,TRANSFER | UPI20260121000541183 | 395898580305 | Bangalore Metro Rail Corporation Lt | U@1004976,,100.00,"-2,541.67"
21/01/26,TRANSFER | UPI20260121000512952 | 602156739060 | Mrs RANI K | U@0700314,,15.00,"-2,441.67"
21/01/26,TRANSFER | UPI20260121000409311 | 395884956843 | KARTHIK H N | U@0579832,,40.00,"-2,426.67"
20/01/26,TRANSFER | UPI20260120000458892 | 697768477829 | Pramod E U | U@0488181,,35.00,"-2,386.67"
20/01/26,TRANSFER | UPI20260120000428213 | 602024865141 | Mr KRISHNA PRASAD | U@0182415,,40.00,"-2,351.67"
20/01/26,TRANSFER | UPI20260120000421134 | 697764061232 | NARENDRA BABU L | U@0383718,,"1,400.00","-2,311.67"
20/01/26,TRANSFER | UPI20260120000419703 | 638693930151 | D G NARAYANA | U@0581698,"1,400.00",,-911.67
20/01/26,TRANSFER | UPI20260120000416242 | 697763472134 | BHARATH KUMAR M | U@0479962,,74.00,"-2,311.67"
20/01/26,TRANSFER | UPI20260120000409895 | 602004887741 | KARTHIK H N | U@0478789,,400.00,"-2,237.67"
20/01/26,TRANSFER | UPI20260120000347580 | 298714837238 | Airtel | U@0466924,,300.80,"-1,837.67"
19/01/26,TRANSFER | UPI20260119000823879 | 601952947479 | KARTHIK H N | U@0958904,,200.00,"-1,536.87"
18/01/26,TRANSFER | UPI20260119000510399 | 601802000261 | KARTHIK H N | U@0801359,,700.00,"-1,336.87"
18/01/26,TRANSFER | UPI20260119000477801 | 601861901637 | RAJAMURTHY RANGAPA | U@0395028,,100.00,-636.87
18/01/26,TRANSFER | UPI20260119000245265 | 601861315525 | KARTHIK H N | U@0445248,,500.00,-536.87
18/01/26,TRANSFER | UPI20260119000214587 | 601843896127 | MIAMI SUPERMARKET | U@0141445,,716.00,-36.87
17/01/26,TRANSFER | UPI20260117000631033 | 601720540674 | KARTHIK H N | U@0823324,,300.00,679.13
17/01/26,TRANSFER | UPI20260117000470558 | 601729964682 | D G NARAYANA | U@0189904,"1,264.00",,979.13
17/01/26,TRANSFER | UPI20260117000312575 | 298552276550 | ZOMATO LIMITED | U@0158827,,165.25,-284.87
16/01/26,TRANSFER | UPI20260116000446239 | 697525011329 | ANUPALLAVI C S | U@0589831,,200.00,-119.62
16/01/26,TRANSFER | UPI20260116000398222 | 601678587270 | Pramod E U | U@0580544,,100.00,80.38
16/01/26,TRANSFER | UPI20260116000376445 | 298507450402 | Ashwini J M | U@0471399,,140.00,180.38
16/01/26,TRANSFER | UPI20260116000373506 | 601628465962 | HALESH R | U@0174166,,50.00,320.38
16/01/26,TRANSFER | UPI20260116000368997 | 395598230313 | PAVANICECREAMS | U@0270621,,60.00,370.38
16/01/26,TRANSFER | UPI20260116000281861 | 395590501358 | RAGHAVENDRA TIFFIN | U@0557165,,35.00,430.38
16/01/26,TRANSFER | UPI20260116000080592 | 395574959443 | Blinkit | U@0414879,,358.00,465.38
15/01/26,TRANSFER | UPI20260115000039025 | 601536391387 | Shaneshwra Store | U@0407610,,5.00,823.38
14/01/26,TRANSFER | UPI20260114000253982 | 638049511085 | KARTHIK H N | U@0249085,104.00,,828.38
14/01/26,TRANSFER | UPI20260114000253963 | 395477795050 | Burger King | U@0549017,,104.96,724.38
14/01/26,TRANSFER | UPI20260114000064194 | 601475090095 | KARTHIK H N | U@0212537,"45,000.00",,829.34
13/01/26,TRANSFER | UPI20260113000622018 | 298367996514 | VARSHITHA N N VARSHITHA | U@1020664,,37.00,"-44,170.66"
13/01/26,TRANSFER | UPI20260113000549874 | 601354631798 | ASHA L | U@0609191,,60.00,"-44,133.66"
13/01/26,TRANSFER | UPI20260113000546556 | 601354625256 | KIRANAKUMAR A VADAKANNAVAR | U@0608437,,43.00,"-44,073.66"
13/01/26,TRANSFER | UPI20260113000463095 | 601322845778 | KARTHIK H N | U@0290516,,100.00,"-44,030.66"
12/01/26,TRANSFER | UPI20260112001571847 | 601258952230 | MR RAVINAIKA | U@1853704,,50.00,"-43,930.66"
10/01/26,TRANSFER | UPI20260112000178698 | 601039456427 | KARTHIK H N | U@0534845,,100.00,"-43,880.66"
10/01/26,TRANSFER | UPI20260112000140630 | 100016624111 | IndusInd Bank Limited | U@0128360,,531.00,"-43,780.66"
09/01/26,TRANSFER | UPI20260109000207664 | 395180795918 | GOVINDA SETTY D | U@0341552,,14.00,"-43,249.66"
09/01/26,TRANSFER | UPI20260109000188587 | 395179331416 | CHARLES C A | U@0137829,,"1,200.00","-43,235.66"
09/01/26,TRANSFER | UPI20260109000186129 | 637546028226 | KARTHIK H N | U@0235749,"1,194.00",,"-42,035.66"
09/01/26,TRANSFER | UPI20260109000117483 | 637566220441 | KARTHIK H N | U@0421219,100.00,,"-43,229.66"
08/01/26,TRANSFER | ECS-BD-IndusindBankLoan | TIAJ13058047 | 3810238760 | Z@ED66989,,"11,377.00","-43,329.66"
07/01/26,TRANSFER | UPI20260107000066351 | 637374806117 | D G NARAYANA | U@0412563,500.00,,"-31,952.66"
04/01/26,TRANSFER | ACH DR RETN | BALANCE INSUFFICIENT | 3755467281 | U | R96611203,"11,377.00",,"-32,452.66"
04/01/26,TRANSFER | UPI20260105000347985 | 297853957904 | VARSHITHA N N VARSHITHA | U@0567259,"1,000.00",,"-43,829.66"
04/01/26,TRANSFER | ECS-BD-IndusindBankLoan | TIAJ12996978 | 3755467281 | Z@ED98702,,"11,377.00","-44,829.66"
03/01/26,TRANSFER | UPI20260103002246889 | 636976942721 | KARTHIK H N | U@2523790,"10,000.00",,"-33,452.66"
01/01/26,INTEREST | CREDIT INTEREST | FROM OCT25 TO DEC25 | ZDD400138,,19.51,"-43,452.66"
28/12/25,TRANSFER | UPI20251229000750891 | 536218620448 | D G NARAYANA | U@0745608,,50.00,"-43,433.15"
25/12/25,TRANSFER | UPI20251226000574879 | 535958722523 | KARTHIK H N | U@1011537,500.00,,"-43,383.15"
21/12/25,TRANSFER | UPI20251222000583982 | 535523450965 | SUBHAS | U@1012685,,60.00,"-43,883.15"
21/12/25,TRANSFER | UPI20251222000581764 | 572153333588 | KARTHIK H N | U@0714702,50.00,,"-43,823.15"
21/12/25,TRANSFER | UPI20251222000208377 | 535542698443 | PREMA KUMAR S K | U@0439958,,200.00,"-43,873.15"
20/12/25,TRANSFER | UPI20251220000689697 | 535450854221 | KARTHIK H N | U@0932908,200.00,,"-43,673.15"
14/12/25,TRANSFER | UPI20251215000782837 | 296704364676 | ZOMATO LIMITED | U@0753967,,150.15,"-43,873.15"
14/12/25,TRANSFER | UPI20251215000782561 | 534832327437 | VARSHITHA N N VARSHITHA | U@0853009,,4.00,"-43,723.00"
13/12/25,TRANSFER | UPI20251215000676289 | 571315824065 | KARTHIK H N | U@0833750,,50.00,"-43,719.00"
13/12/25,TRANSFER | UPI20251215000641074 | 534752133222 | KARTHIK H N | U@1025476,,300.00,"-43,669.00"
13/12/25,TRANSFER | UPI20251215000637697 | 534772167306 | VINOD M K | U@0925608,,40.00,"-43,369.00"
13/12/25,TRANSFER | UPI20251215000634378 | 534772102998 | VAKIL | U@0924972,,40.00,"-43,329.00"
13/12/25,TRANSFER | UPI20251215000129799 | 695483289065 | KARTHIK H N | U@0525277,,80.00,"-43,289.00"
13/12/25,TRANSFER | UPI20251215000076416 | 534761072948 | SREEKANTH G N | U@0314958,,68.00,"-43,209.00"
11/12/25,TRANSFER | UPI20251211000502576 | 534542637099 | NABIRASUL | U@0399375,,40.00,"-43,141.00"
10/12/25,TRANSFER | UPI20251210000603694 | 534437876393 | P Sanjay | U@0719716,,154.00,"-43,101.00"
10/12/25,TRANSFER | UPI20251210000480883 | 393582802436 | Ashkar C | U@0193756,,155.00,"-42,947.00"
10/12/25,TRANSFER | UPI20251210000158836 | 534420749517 | VARSHITHA N N VARSHITHA | U@0531223,,"20,000.00","-42,792.00"
09/12/25,TRANSFER | UPI20251209000141316 | 570905737028 | KARTHIK H N | U@0325427,"21,000.00",,"-22,792.00"
07/12/25,TRANSFER | UPI20251208000042089 | 534152716140 | NABIRASUL | U@0508082,,20.00,"-43,792.00"
06/12/25,TRANSFER | UPI20251206000410455 | 570611229309 | CRED Club | U@0380300,,"25,687.00","-43,772.00"
06/12/25,TRANSFER | UPI20251206000398416 | 570683530636 | KARTHIK H N | U@0176014,350.00,,"-18,085.00"
06/12/25,TRANSFER | UPI20251206000277543 | 534031665133 | PRASANNA KUMAR N | U@0554291,,94.00,"-18,435.00"
06/12/25,TRANSFER | UPI20251206000238948 | 534065447591 | NEW AGARWAL BHAVAN DASANPURA | U@0346714,,198.00,"-18,341.00"
06/12/25,TRANSFER | UPI20251206000173887 | 534071549357 | KEERTHIRAJ V K | U@0334070,,78.00,"-18,143.00"
06/12/25,TRANSFER | UPI20251206000152165 | 570616804620 | KARTHIK H N | U@0231137,"25,700.00",,"-18,065.00"
05/12/25,TRANSFER | UPI20251205000538162 | 695048690057 | KARTHIK H N | U@0904908,,11.00,"-43,765.00"
04/12/25,TRANSFER | ECS-BD-IndusindBankLoan | TIAJ12908665 | 3569438911 | Z@ED88389,,"11,377.00","-43,754.00"
03/12/25,TRANSFER | UPI20251203001825873 | 393220890338 | ZOMATO | U@2062593,,230.00,"-32,377.00"
03/12/25,TRANSFER | UPI20251203001745452 | 694929704312 | KARTHIK H N | U@2046689,,30.00,"-32,147.00"
03/12/25,TRANSFER | UPI20251203001701180 | 533777895388 | ANUSUYA | U@1639171,,48.00,"-32,117.00"
03/12/25,TRANSFER | UPI20251203001692803 | 694928258547 | CHIDANAND R HIREMATH | U@1737602,,35.00,"-32,069.00"
03/12/25,TRANSFER | UPI20251203001536351 | 393214383520 | Bangalore Metro Rail Corporation Lt | U@2005032,,100.00,"-32,034.00"
03/12/25,TRANSFER | UPI20251203001476234 | 393212633319 | THE AMRITH CAFE | U@1593146,,155.00,"-31,934.00"
03/12/25,TRANSFER | UPI20251203001339650 | 533780496880 | KARTHIK H N | U@1267056,,"2,500.00","-31,779.00"
03/12/25,TRANSFER | UPI20251203001148838 | 393202395219 | DHRUVENDRA KUMAR V | U@1129352,,179.00,"-29,279.00"
02/12/25,TRANSFER | UPI20251202000457041 | 694873255858 | ZOMATO | U@0291108,,187.20,"-29,100.00"
02/12/25,TRANSFER | UPI20251202000211444 | 694856230842 | KARTHIK H N | U@0141731,,"7,500.00","-28,912.80"
02/12/25,TRANSFER | UPI20251202000173233 | 533606073843 | KARTHIK H N | U@0433741,,500.00,"-21,412.80"
01/12/25,TRANSFER | UPI20251201001470745 | 533555545384 | Jagdeesh Kumar | U@1389421,,40.00,"-20,912.80"
01/12/25,TRANSFER | UPI20251201001258130 | 533525103111 | JAYARAM T L | U@1346690,,51.00,"-20,872.80"
01/12/25,TRANSFER | UPI20251201001224610 | 533598314694 | ANTARASTRIYA | U@1539273,,70.00,"-20,821.80"
01/12/25,TRANSFER | UPI20251201001167045 | 533564998311 | VIJAYA B M | U@1527737,,190.00,"-20,751.80"
01/12/25,TRANSFER | UPI20251201001162103 | 533597186965 | MOHAMMAD ZEESHAN | U@1228996,,100.00,"-20,561.80"
01/12/25,TRANSFER | UPI20251201001149383 | 694810140400 | KARTHIK H N | U@1325738,,50.00,"-20,461.80"
01/12/25,TRANSFER | UPI20251201001086446 | 295962636355 | PharmEasy | U@1413613,,"1,180.79","-20,411.80"
30/11/25,TRANSFER | UPI20251201000773697 | 694789101750 | KARTHIK H N | U@0952914,,20.00,"-19,231.01"
30/11/25,TRANSFER | UPI20251201000659428 | 694783028857 | KARTHIK H N | U@1028596,,220.00,"-19,211.01"
30/11/25,TRANSFER | UPI20251201000459180 | 295921907582 | Jio | U@0491673,,902.00,"-18,991.01"
30/11/25,TRANSFER | UPI20251201000230605 | 393056971731 | KARTHIK H N | U@0345082,,"7,500.00","-18,089.01"
30/11/25,TRANSFER | UPI20251201000191914 | 533422256051 | KARTHIK H N | U@0537848,"6,000.00",,"-10,589.01"
29/11/25,TRANSFER | UPI20251129000558307 | 694713414433 | Eternal LTD | U@0809893,,247.20,"-16,589.01"
28/11/25,TRANSFER | UPI20251128000758546 | 533231676009 | KARTHIK H N | U@0750370,,500.00,"-16,341.81"
28/11/25,TRANSFER | UPI20251128000758201 | 533271724488 | KARTHIK H N | U@0650131,,120.00,"-15,841.81"
28/11/25,TRANSFER | UPI20251128000641699 | 569858037414 | KARTHIK H N | U@0727108,"23,000.00",,"-15,721.81"
25/11/25,TRANSFER | UPI20251125000394221 | 694491574278 | NABIRASUL | U@0376429,,40.00,"-38,721.81"
25/11/25,TRANSFER | UPI20251125000392884 | 532920866578 | MANGAL SINGH | U@0611748,,40.00,"-38,681.81"
25/11/25,TRANSFER | UPI20251125000391240 | 532957252523 | MANJUNATH C P | U@0277379,,80.00,"-38,641.81"
25/11/25,TRANSFER | UPI20251125000380040 | 532957227209 | KARTHIK H N | U@0573687,,500.00,"-38,561.81"
24/11/25,TRANSFER | UPI20251124001810396 | 295593783524 | VARSHITHA N | U@2051452,200.00,,"-38,061.81"
24/11/25,TRANSFER | UPI20251124001717805 | 532825920798 | BMTC BUS KA53F0289 | U@2032834,,28.00,"-38,261.81"
24/11/25,TRANSFER | UPI20251124001689115 | 532815905649 | ANTARASTRIYA | U@2208501,,40.00,"-38,233.81"
24/11/25,TRANSFER | UPI20251124001666543 | 295579585890 | VARSHITHA N | U@2104741,,50.00,"-38,193.81"
24/11/25,TRANSFER | UPI20251124001666404 | 694433696246 | VINAYAK DEVADIGA | U@1827130,,120.00,"-38,143.81"
24/11/25,TRANSFER | UPI20251124001639202 | 532806645172 | KV PRASANNA ENTERPRISES | U@1921426,,80.00,"-38,023.81"
24/11/25,TRANSFER | UPI20251124001634876 | 295576754285 | Clean_Slate_Cafe | U@1698718,,209.00,"-37,943.81"
24/11/25,TRANSFER | UPI20251124001550782 | 295569886507 | KARTHIK H N | U@1804823,,50.00,"-37,734.81"
24/11/25,TRANSFER | UPI20251124001537333 | 532875603662 | BMTC BUS KA57F4599 | U@1901126,,24.00,"-37,684.81"
23/11/25,TRANSFER | UPI20251124001295863 | 569326088135 | CRED Club | U@1355309,,"19,858.43","-37,660.81"
23/11/25,TRANSFER | UPI20251124001295660 | 392746020314 | VARSHITHA N N VARSHITHA | U@1455407,"20,000.00",,"-17,802.38"
23/11/25,TRANSFER | UPI20251124001149310 | 569304063129 | CRED Club | U@1701995,,"30,000.00","-37,802.38"
23/11/25,TRANSFER | UPI20251124000800724 | 392705858988 | GOKUL PRASHANTH P | U@1055498,,110.00,"-7,802.38"
21/11/25,TRANSFER | UPI20251121000099463 | 694246557689 | KARTHIK H N | U@0119006,,"1,000.00","-7,692.38"
20/11/25,TRANSFER | UPI20251120000296819 | 694207521629 | KARTHIK H N | U@0257872,,500.00,"-6,692.38"
20/11/25,TRANSFER | UPI20251120000063211 | 532472598051 | KARTHIK H N | U@0111152,"32,500.00",,"-6,192.38"
17/11/25,TRANSFER | UPI20251117000981694 | 532156457663 | S D PUSHPALATHA | U@1089641,,100.00,"-38,692.38"
17/11/25,TRANSFER | UPI20251117000980573 | 295181131100 | VARSHITHA N N VARSHITHA | U@0790332,,7.00,"-38,592.38"
17/11/25,TRANSFER | UPI20251117000897123 | 532164776017 | KARTHIK H N | U@1141898,,50.00,"-38,585.38"
16/11/25,TRANSFER | UPI20251117000677075 | 694021108712 | KARTHIK H N | U@1030341,,50.00,"-38,535.38"
16/11/25,TRANSFER | UPI20251117000091925 | 532044745357 | KARTHIK H N | U@0517789,,50.00,"-38,485.38"
16/11/25,TRANSFER | UPI20251117000024178 | 532004645764 | NABIRASUL | U@0504555,,75.00,"-38,435.38"
15/11/25,TRANSFER | UPI20251115000130032 | 295050889719 | VARSHITHA N | U@0524996,200.00,,"-38,360.38"
13/11/25,TRANSFER | UPI20251113000338739 | 531751089556 | Nagarathna H K | U@0630075,,50.00,"-38,560.38"
13/11/25,TRANSFER | UPI20251113000328425 | 531771066011 | Murugan S K | U@0165591,,50.00,"-38,510.38"
13/11/25,TRANSFER | UPI20251113000307233 | 531771265186 | SRI GURU RAGHAVENDRA | U@0624190,,100.00,"-38,460.38"
13/11/25,TRANSFER | UPI20251113000280944 | 693817622057 | Niranjan Gowda V D | U@0618824,,126.00,"-38,360.38"
13/11/25,TRANSFER | UPI20251113000274712 | 568386394578 | KARTHIK H N | U@0353393,300.00,,"-38,234.38"
12/11/25,TRANSFER | UPI20251112000636822 | 531681934209 | S D PUSHPALATHA | U@0627464,,"7,000.00","-38,534.38"
12/11/25,TRANSFER | UPI20251112000635378 | 294923010364 | VARSHITHA N N VARSHITHA | U@0825207,"7,000.00",,"-31,534.38"
10/11/25,TRANSFER | UPI20251110001958437 | 392063805667 | Burger King | U@1886315,,146.96,"-38,534.38"
10/11/25,TRANSFER | UPI20251110001957527 | 568025658837 | KARTHIK H N | U@2083454,100.00,,"-38,387.42"
10/11/25,TRANSFER | UPI20251110001910966 | 531434143265 | Burger King | U@1675804,,83.96,"-38,487.42"
10/11/25,TRANSFER | UPI20251110001891968 | 568081785402 | Burger King | U@2070223,,83.96,"-38,403.46"
10/11/25,TRANSFER | UPI20251110001891552 | 568047758961 | KARTHIK H N | U@1672091,200.00,,"-38,319.50"
09/11/25,TRANSFER | UPI20251110000851029 | 391987724425 | Blinkit | U@0767312,,230.00,"-38,519.50"
09/11/25,TRANSFER | UPI20251110000822989 | 294699578445 | VARSHITHA N N VARSHITHA | U@0962293,,10.00,"-38,289.50"
09/11/25,TRANSFER REVERSAL | UPI20251110000822951 | 531335173732 | VARSHITHA N N VARSHITHA | null/null | NA | U@0861907,,10.00,"-38,279.50"
09/11/25,TRANSFER | UPI20251110000822915 | 531335173732 | VARSHITHA N N VARSHITHA | U@0761644,,10.00,"-38,269.50"
09/11/25,TRANSFER | UPI20251110000822023 | 294699504041 | VARSHITHA N N VARSHITHA | U@1060453,264.00,,"-38,259.50"
08/11/25,TRANSFER | UPI20251110000620362 | 391973850117 | MUDASIR PASHA | U@1021441,,127.00,"-38,523.50"
08/11/25,TRANSFER | UPI20251110000580428 | 294683610455 | VARSHITHA N N VARSHITHA | U@0914208,,69.00,"-38,396.50"
07/11/25,TRANSFER | UPI20251107000493288 | 531160870940 | Pradeep Kumar Sonkar | U@0196998,,40.00,"-38,327.50"
06/11/25,TRANSFER | UPI20251106000548322 | 391869306684 | Jagdeesh Kumar | U@1006741,,20.00,"-38,287.50"
06/11/25,TRANSFER | UPI20251106000542622 | 531052213901 | SRIDHAR HOLLA K N | U@1005601,,30.00,"-38,267.50"
06/11/25,TRANSFER | UPI20251106000435412 | 693443017665 | SUNIL D | U@0485373,,40.00,"-38,237.50"
06/11/25,TRANSFER | UPI20251106000390109 | 531027781066 | S D PUSHPALATHA | U@0376002,,"1,800.00","-38,197.50"
06/11/25,TRANSFER | UPI20251106000389573 | 294556073533 | VARSHITHA N N VARSHITHA | U@0476332,"2,000.00",,"-36,397.50"
05/11/25,TRANSFER | UPI20251105000695444 | 391826696013 | Jagdeesh Kumar | U@0937697,,20.00,"-38,397.50"
05/11/25,TRANSFER | UPI20251105000687358 | 530971075990 | Bhagyamma V G | U@1033126,,100.00,"-38,377.50"
05/11/25,TRANSFER | UPI20251105000323705 | 391800981855 | SUBRAMANYA G S O GANESHAPPA | U@0163583,,870.00,"-38,277.50"
05/11/25,TRANSFER | UPI20251105000322776 | 045342828412 | Bhagyamma V G | U@0464070,"1,000.00",,"-37,407.50"
04/11/25,TRANSFER | UPI20251104000678573 | 530866141646 | Jagdeesh Kumar | U@0678051,,20.00,"-38,407.50"
04/11/25,TRANSFER | ECS-BD-IndusindBankLoan | TIAJ12804479 | 3378933575 | Z@ED76607,,"11,377.00","-38,387.50"
03/11/25,TRANSFER | UPI20251103002859553 | 391727104507 | Jagdeesh Kumar | U@3166052,,20.00,"-27,010.50"
03/11/25,TRANSFER | UPI20251103002570457 | 530748088310 | SACHIN | U@2811451,,60.00,"-26,990.50"
03/11/25,TRANSFER | UPI20251103002560367 | 294393870585 | VARSHITHA N N VARSHITHA | U@2809497,299.00,,"-26,930.50"
03/11/25,TRANSFER | UPI20251103002556771 | 567324893362 | Dreamplug Service Private Limited | U@2907751,,299.00,"-27,229.50"
03/11/25,TRANSFER | UPI20251103002102932 | 294375769304 | VARSHITHA N N VARSHITHA | U@2415916,,200.00,"-26,930.50"
02/11/25,TRANSFER | UPI20251103000833022 | 264418807744 | S D PUSHPALATHA | U@1129650,,"1,800.00","-26,730.50"
02/11/25,TRANSFER | UPI20251103000824629 | 294361330665 | VARSHITHA N N VARSHITHA | U@0962213,,"9,478.65","-24,930.50"
29/10/25,TRANSFER | UPI20251029000484574 | 530292269594 | SRIDHAR HOLLA K N | U@0494580,,30.00,"-15,451.85"
29/10/25,TRANSFER | UPI20251029000238565 | 530231439670 | Mr MOULALI | U@0145833,,63.00,"-15,421.85"
29/10/25,TRANSFER | UPI20251029000236274 | 022781236839 | RAVICHANDRA U | U@0145435,100.00,,"-15,358.85"
28/10/25,TRANSFER | UPI20251028000487314 | 391434548579 | SRIDHAR HOLLA K N | U@0295568,,50.00,"-15,458.85"
28/10/25,TRANSFER | UPI20251028000482830 | 530181283070 | Mr RAJANAIK | U@0194119,,40.00,"-15,408.85"
27/10/25,TRANSFER | UPI20251027001823012 | 692946470416 | SHANID PAZHUKKATH VA | U@1756796,,120.00,"-15,368.85"
27/10/25,TRANSFER | UPI20251027001812480 | 530009673637 | Anil Sonakar | U@1954249,,20.00,"-15,248.85"
26/10/25,TRANSFER | UPI20251027000734450 | 391311435279 | Jayalakshmi | U@0941742,,35.00,"-15,228.85"
26/10/25,TRANSFER | UPI20251027000733400 | 692860097269 | NABIRASUL | U@0941499,,48.00,"-15,193.85"
25/10/25,TRANSFER | UPI20251027000624036 | 391305599212 | ZOMATO | U@1020691,,233.15,"-15,145.85"
25/10/25,TRANSFER | UPI20251027000580729 | 391302623229 | KARTHIK H N | U@0616499,,"12,000.00","-14,912.70"
25/10/25,TRANSFER | UPI20251027000396825 | 391288509898 | ETERNAL LIMITED | U@0176128,,403.20,"-2,912.70"
25/10/25,TRANSFER | UPI20251027000288830 | 529866856443 | KARTHIK H N | U@0457770,,"1,000.00","-2,509.50"
25/10/25,TRANSFER | UPI20251027000252823 | 529806819688 | M RAMYA | U@0249429,,94.00,"-1,509.50"
25/10/25,TRANSFER | UPI20251027000242505 | 529874921431 | KARTHIK H N | U@0247391,"14,000.00",,"-1,415.50"
25/10/25,TRANSFER | UPI20251027000174404 | 529876681927 | NAGARAJA D M | U@0234003,,87.00,"-15,415.50"
25/10/25,TRANSFER | UPI20251027000140199 | 391272186094 | RAJU H G | U@0125572,,65.00,"-15,328.50"
25/10/25,TRANSFER | UPI20251027000139841 | 529897701883 | KARTHIK H N | U@0527424,200.00,,"-15,263.50"
24/10/25,TRANSFER | UPI20251024000549287 | 293888485069 | VARSHITHA N N VARSHITHA | U@1006338,,90.70,"-15,463.50"
24/10/25,TRANSFER | UPI20251024000495620 | 529766079662 | Raghunatha H | U@0497210,,60.00,"-15,372.80"
22/10/25,TRANSFER | UPI20251022000084924 | 692673221372 | JAGADEESHA H | U@0115684,,10.00,"-15,312.80"
22/10/25,TRANSFER | UPI20251022000039783 | 692669489886 | NAVAAZ | U@0207755,,40.00,"-15,302.80"
21/10/25,TRANSFER | UPI20251021000068529 | 841376823832 | D G NARAYANA | U@0112876,200.00,,"-15,262.80"
19/10/25,TRANSFER | UPI20251020000664261 | 293638345355 | VARSHITHA N N VARSHITHA | U@1028845,,107.00,"-15,462.80"
19/10/25,TRANSFER | UPI20251020000323898 | 529259707337 | VARSHITHA N N VARSHITHA | U@0264241,,46.00,"-15,355.80"
17/10/25,TRANSFER | UPI20251017000668966 | 529060846476 | RAMESH | U@0931122,,20.00,"-15,309.80"
17/10/25,TRANSFER | UPI20251017000582162 | 692429799723 | SHANID PAZHUKKATH VA | U@1014130,,125.00,"-15,289.80"
17/10/25,TRANSFER | UPI20251017000579278 | 529057406212 | Anil Sonakar | U@0913386,,40.00,"-15,164.80"
17/10/25,TRANSFER | UPI20251017000390771 | 857958687205 | N MANJUNATHA | U@0176100,225.00,,"-15,124.80"
13/10/25,TRANSFER | UPI20251013001833639 | 528604870668 | SANMAN RESTAURANT | U@2056993,,40.00,"-15,349.80"
13/10/25,TRANSFER | UPI20251013001825614 | 528631400566 | DHRUVAKUMAR DESAI | U@1758960,,300.00,"-15,309.80"
13/10/25,TRANSFER | UPI20251013001750078 | 390672235105 | KARTHIK H N | U@1648048,,50.00,"-15,009.80"
13/10/25,TRANSFER | UPI20251013001693415 | 528602512108 | LAKKEGOWDA | U@1832599,,89.00,"-14,959.80"
13/10/25,TRANSFER | UPI20251013001681109 | 143702196561 | RAVICHANDRA U | U@1830007,500.00,,"-14,870.80"
11/10/25,TRANSFER | UPI20251013000650833 | 528469375346 | SHANKAR | U@0628303,,275.00,"-15,370.80"
11/10/25,TRANSFER | UPI20251013000593670 | 528477351626 | KARTHIK H N | U@0616948,250.00,,"-15,095.80"
11/10/25,TRANSFER | UPI20251013000541061 | 293167830229 | Anil Sonakar | U@0905990,,60.00,"-15,345.80"
11/10/25,TRANSFER | UPI20251013000340370 | 528481440081 | SVELU | U@0366366,,50.00,"-15,285.80"
11/10/25,TRANSFER | UPI20251013000338146 | 528487822094 | KARTHIK H N | U@0465843,100.00,,"-15,235.80"
11/10/25,TRANSFER | UPI20251013000173523 | 390564540972 | MALLIKARJUN | U@0233666,,266.00,"-15,335.80"
11/10/25,TRANSFER | UPI20251013000156599 | 632251581924 | S D PUSHPALATHA | U@0430161,300.00,,"-15,069.80"
09/10/25,TRANSFER | UPI20251009000590721 | 528256618877 | MEGHA B | U@0616959,,70.00,"-15,369.80"
06/10/25,TRANSFER | UPI20251006001211053 | 691808504898 | RajeshS | U@1140130,,50.00,"-15,299.80"
06/10/25,TRANSFER | UPI20251006001209110 | 691808356131 | Syed Aziz Fruit Stall SYED AJIT BAR | U@1437511,,150.00,"-15,249.80"
06/10/25,TRANSFER | UPI20251006001059249 | 292858282874 | Jio | U@1508065,,350.80,"-15,099.80"
06/10/25,TRANSFER | UPI20251006001058777 | 527911868605 | VARSHITHA N N VARSHITHA | U@1507957,,592.00,"-14,749.00"
05/10/25,TRANSFER | UPI20251006000216034 | 527800556354 | AMRUTHA LAKSHMI S A | U@0341958,,209.00,"-14,157.00"
05/10/25,TRANSFER | UPI20251006000117458 | 691734532440 | Amazon Pay on Delivery | U@0123084,,580.00,"-13,948.00"
05/10/25,TRANSFER | UPI20251006000033926 | 527820230491 | NABIRASUL | U@0206572,,10.00,"-13,368.00"
05/10/25,TRANSFER | UPI20251006000033779 | 527800289001 | NABIRASUL | U@0106565,,30.00,"-13,358.00"
04/10/25,TRANSFER | UPI20251004000462279 | 527783029375 | D G NARAYANA | U@0590605,600.00,,"-13,328.00"
04/10/25,TRANSFER | ECS-BD-IndusindBankLoan | TIAJ12644840 | 3194112379 | Z@ED63719,,"11,377.00","-13,928.00"
03/10/25,TRANSFER | UPI20251003002734332 | 527658662448 | Pradeep Kumar Sonkar | U@3039361,,40.00,"-2,551.00"
03/10/25,TRANSFER | UPI20251003002524904 | 527648376873 | SAGAR | U@2900875,,301.00,"-2,511.00"
02/10/25,TRANSFER | UPI20251003000751229 | 691616553146 | KARTHIK H N | U@1202985,,"22,500.00","-2,210.00"
01/10/25,INTEREST | CREDIT INTEREST | FROM JUL25 TO SEP25 | ZDD400009,,20.55,"20,290.00"
01/10/25,TRANSFER | UPI20251001000721706 | 564028252708 | KARTHIK H N | U@0686863,"20,500.00",,"20,310.55"
01/10/25,TRANSFER | UPI20251001000720779 | 564039059838 | KARTHIK H N | U@0778932,"2,000.00",,-189.45
01/10/25,TRANSFER | UPI20251001000453442 | 390102487583 | ETERNAL LIMITED | U@0633943,,298.95,"-2,189.45"
30/09/25,TRANSFER | UPI20250930000673095 | 691501492128 | SMARTSHIFT LOGISTICS SOLUTIONS PRIV | U@0733490,,278.00,"-1,890.50"
30/09/25,TRANSFER | UPI20250930000672595 | 876723485091 | D G NARAYANA | U@0733391,,300.00,"-1,612.50"
30/09/25,TRANSFER | UPI20250930000378296 | 527304219211 | ZOMATO | U@0575254,,186.50,"-1,312.50"
30/09/25,TRANSFER | UPI20250930000302937 | 527334059716 | BMTC BUS KA57F3694 | U@0260547,,24.00,"-1,126.00"
30/09/25,TRANSFER | UPI20250930000279649 | 527343802914 | BMTC BUS KA51AK4249 | U@0153868,,12.00,"-1,102.00"
30/09/25,TRANSFER | UPI20250930000276216 | 527343753000 | VARSHITHA N N VARSHITHA | U@0452184,"11,000.00",,"-1,090.00"
30/09/25,TRANSFER | UPI20250930000185239 | 691469122619 | Mr LOKESH NAIK L | U@0135442,,278.00,"-12,090.00"
30/09/25,TRANSFER | UPI20250930000118988 | 390041413614 | Mr MANJUNATHA G | U@0122243,,11.00,"-11,812.00"
30/09/25,TRANSFER | UPI20250930000117638 | 527303848966 | Jayalakshmi | U@0421238,,15.00,"-11,801.00"
29/09/25,TRANSFER | UPI20250929001990844 | 527265735172 | S D PUSHPALATHA | U@2166255,,"2,000.00","-11,786.00"
29/09/25,TRANSFER | UPI20250929001850288 | 527260090821 | KARTHIK H N | U@1960536,"2,000.00",,"-9,786.00"
29/09/25,TRANSFER | UPI20250929001552854 | 527279036232 | VIKRAM | U@1775662,,191.00,"-11,786.00"
29/09/25,TRANSFER | UPI20250929001512224 | 691412803673 | NAVEENA | U@1767740,,97.00,"-11,595.00"
28/09/25,TRANSFER | UPI20250929001252653 | 691395547688 | KARTHIK H N | U@1543309,,150.00,"-11,498.00"
27/09/25,TRANSFER | UPI20250929000453684 | 527066401820 | PREMA KUMAR S K | U@0390250,"2,000.00",,"-11,348.00"
27/09/25,TRANSFER | UPI20250929000414963 | 389923237893 | BMTC BUS KA57F4649 | U@0653725,,12.00,"-13,348.00"
27/09/25,TRANSFER | UPI20250929000400787 | 691327546529 | KARTHIK H N | U@0650956,,"1,800.00","-13,336.00"
27/09/25,TRANSFER | UPI20250929000398098 | 514388750970 | S D PUSHPALATHA | U@0378831,"2,000.00",,"-11,536.00"
27/09/25,TRANSFER | UPI20250929000233701 | 691315840799 | RAHUL PARMESH LAMDAD | U@0245637,,50.00,"-13,536.00"
27/09/25,TRANSFER | UPI20250929000218906 | 292364885791 | Anil Sonakar | U@0242654,,40.00,"-13,486.00"
27/09/25,TRANSFER | UPI20250929000162817 | 527007765324 | SULTAN | U@0231491,,297.00,"-13,446.00"
26/09/25,TRANSFER | UPI20250926000599208 | 526964478720 | Gangadevi G N | U@0717485,,102.00,"-13,149.00"
26/09/25,TRANSFER | UPI20250926000462892 | 526979370228 | N R SHIVAKUMAR | U@0389725,,50.00,"-13,047.00"
26/09/25,TRANSFER | UPI20250926000269054 | 389868674524 | MAHESHKUMAR R | U@0452994,,293.00,"-12,997.00"
26/09/25,TRANSFER | UPI20250926000165812 | 389862262615 | MANU M G | U@0432711,,278.00,"-12,704.00"
26/09/25,TRANSFER | UPI20250926000129083 | 870763827177 | S D PUSHPALATHA | U@0425086,"1,000.00",,"-12,426.00"
25/09/25,TRANSFER | UPI20250925000414060 | 462727375568 | S D PUSHPALATHA | U@0580333,120.00,,"-13,426.00"
25/09/25,TRANSFER | UPI20250925000221944 | 292255777054 | VARSHITHA N N VARSHITHA | U@0142027,,44.00,"-13,546.00"
25/09/25,TRANSFER | UPI20250925000133689 | 526857478132 | D JAGADISH | U@0324232,,49.00,"-13,502.00"
25/09/25,TRANSFER | UPI20250925000132141 | 526827423493 | Bangalore Metro Rail Corporation Lt | U@0226472,,50.00,"-13,453.00"
23/09/25,TRANSFER | UPI20250923000463334 | 526625633199 | SARASWATHI | U@0587170,,50.00,"-13,403.00"
23/09/25,TRANSFER | UPI20250923000147280 | 526624969414 | M LATHA | U@0526232,,308.00,"-13,353.00"
23/09/25,TRANSFER | UPI20250923000126171 | 898125179015 | Bhagyamma V G | U@0424789,,500.00,"-13,045.00"
18/09/25,TRANSFER | UPI20250918000292056 | 526101695963 | SANMAN RESTAURANT | U@0456473,,45.00,"-12,545.00"
15/09/25,TRANSFER | UPI20250915001520232 | 690525228694 | UPI Credit adjustment for reference | U@1496992,,34.20,"-12,500.00"
14/09/25,TRANSFER | UPI20250915000672221 | 525733278744 | Poornima | U@0633307,,100.00,"-12,465.80"
14/09/25,TRANSFER | UPI20250915000669932 | 525746702929 | NABIRASUL | U@0730136,,78.00,"-12,365.80"
13/09/25,TRANSFER | UPI20250915000248452 | 525672486872 | VARSHITHA N N VARSHITHA | U@0348101,,69.00,"-12,287.80"
12/09/25,TRANSFER | UPI20250912000105358 | 690525228694 | AXELIA SOLUTIONS PRIVATE LIMITED | U@0421678,,"1,049.84","-12,218.80"
12/09/25,TRANSFER | UPI20250912000105048 | 402343810119 | Bhagyamma V G | U@0520792,,"1,050.00","-11,168.96"
11/09/25,TRANSFER | UPI20250911000310390 | 389181461522 | ZOMATO | U@0562456,,160.70,"-10,118.96"
10/09/25,TRANSFER | UPI20250910000535764 | 547089856156 | Bhagyamma V G | U@0707323,,260.00,"-9,958.26"
10/09/25,TRANSFER | UPI20250910000354686 | 690439740678 | Zomato private Limited | U@0371106,,258.56,"-9,698.26"
10/09/25,TRANSFER | UPI20250910000098088 | 291409425067 | VARSHITHA N N VARSHITHA | U@0119221,265.00,,"-9,439.70"
09/09/25,TRANSFER | UPI20250909000316979 | 525216175869 | Prashantha N | U@0261293,,30.00,"-9,704.70"
09/09/25,TRANSFER | UPI20250909000158382 | 690375800228 | YOGESHA | U@0329914,,10.00,"-9,674.70"
08/09/25,TRANSFER | UPI20250908001221222 | 690351566814 | RAJESH | U@1141855,,56.00,"-9,664.70"
08/09/25,TRANSFER | UPI20250908001144325 | 525166691914 | Burger King | U@1325384,,118.62,"-9,608.70"
08/09/25,TRANSFER | UPI20250908000897368 | 690326003189 | NATARAJA S | U@0777332,,56.00,"-9,490.08"
08/09/25,TRANSFER | UPI20250908000864910 | 690324045512 | PAYTM RECHARGES | U@0770792,,350.80,"-9,434.08"
08/09/25,TRANSFER | UPI20250908000862798 | 561727949899 | Dreamplug Service Private Limited | U@0770460,,883.82,"-9,083.28"
06/09/25,TRANSFER | UPI20250906000420116 | 388949196811 | ZOMATO | U@0183351,,173.00,"-8,199.46"
06/09/25,TRANSFER | UPI20250906000405229 | 524941542423 | ASHOKA MM | U@0658403,,93.00,"-8,026.46"
06/09/25,TRANSFER | UPI20250906000404379 | 524921508599 | RATNAMMA | U@0379850,,60.00,"-7,933.46"
06/09/25,TRANSFER | UPI20250906000392325 | 388947469484 | HARWARD INTERNATIONAL SCHOOL | U@0656287,,"40,000.00","-7,873.46"
06/09/25,TRANSFER | UPI20250906000388633 | 524961521753 | ASHOKA MM | U@0477508,,91.00,"32,126.54"
04/09/25,TRANSFER | UPI20250904000540820 | 524702367577 | Rohith Y | U@0742105,,207.00,"32,217.54"
04/09/25,TRANSFER | UPI20250904000494292 | 388864840836 | KARTHIK H N | U@0398364,,20.00,"32,424.54"
04/09/25,TRANSFER | UPI20250904000230383 | 524777804590 | KANNAN A | U@0345730,,167.00,"32,444.54"
04/09/25,TRANSFER | ECS-BD-IndusindBankLoan | TIAJ12438828 | 2948525024 | Z@ED55675,,"11,377.00","32,611.54"
03/09/25,TRANSFER | UPI20250903001534193 | 690095063861 | VENUGOPALA K S | U@1805209,,281.00,"43,988.54"
03/09/25,TRANSFER | UPI20250903001495886 | 524646668738 | MANOJ KUMAR | U@1199255,,80.00,"44,269.54"
03/09/25,TRANSFER | UPI20250903001487528 | 388813884976 | S D PUSHPALATHA | U@1197734,,596.00,"44,349.54"
03/09/25,TRANSFER | UPI20250903001433866 | 524683877511 | HALESHAPPA M S | U@1385662,,45.00,"44,945.54"
03/09/25,TRANSFER | UPI20250903001420411 | 524683587816 | HALESHAPPA M S | U@1184609,,45.00,"44,990.54"
03/09/25,TRANSFER | UPI20250903001417719 | 561202099090 | VINAY KUMAR K B | U@1382648,"50,000.00",,"45,035.54"
03/09/25,TRANSFER | UPI20250903001416892 | 561229097395 | VINAY KUMAR K B | U@1183899,1.00,,"-4,964.46"
03/09/25,TRANSFER | UPI20250903001355684 | 291030218932 | Jio | U@1171476,,902.00,"-4,965.46"
02/09/25,TRANSFER | UPI20250902000414494 | 290985003806 | D V SOMASHEKHAR | U@0180853,,10.00,"-4,063.46"
02/09/25,TRANSFER | UPI20250902000398378 | 524568637213 | BMTC BUS KA57F5400 | U@0276600,,23.00,"-4,053.46"
02/09/25,TRANSFER | UPI20250902000351289 | 524567422559 | BMTC BUS KA57F3474 | U@0267543,,30.00,"-4,030.46"
02/09/25,TRANSFER | UPI20250902000320572 | 388762987767 | VINAYAK DEVADIGA | U@0362723,,70.00,"-4,000.46"
02/09/25,TRANSFER | UPI20250902000280986 | 388760719115 | VINAYAK DEVADIGA | U@0455270,,110.00,"-3,930.46"
02/09/25,TRANSFER | UPI20250902000237320 | 524524557586 | SRI GANESHA BOMBAY VADAPAV CORNER | U@0346614,,60.00,"-3,820.46"
02/09/25,TRANSFER | UPI20250902000098606 | 524574265134 | Chikkamma | U@0418995,,30.00,"-3,760.46"
02/09/25,TRANSFER | UPI20250902000090096 | 690022934909 | M S RAJU | U@0216935,,15.00,"-3,730.46"
02/09/25,TRANSFER | UPI20250902000087322 | 388750646598 | MARUTHI K | U@0416728,,270.00,"-3,715.46"
01/09/25,TRANSFER | UPI20250901001477413 | 524453910877 | MEGHA B | U@1195716,,140.00,"-3,445.46"
01/09/25,TRANSFER | UPI20250901001474226 | 524423846536 | RAM MEDICALS | U@1290874,,80.00,"-3,305.46"
01/09/25,TRANSFER | UPI20250901001463768 | 388743374550 | UDAY B PAWAR | U@1389850,,538.00,"-3,225.46"
01/09/25,TRANSFER | UPI20250901001230270 | 290934148676 | JANAPRIYA CAKES AND BAKES | U@1342515,,260.00,"-2,687.46"
31/08/25,TRANSFER | UPI20250901000272656 | 524335790638 | Zomato private Limited | U@0353793,,262.36,"-2,427.46"
31/08/25,TRANSFER | UPI20250901000245149 | 524371677260 | NABIRASUL | U@0447122,,82.00,"-2,165.10"
30/08/25,TRANSFER | UPI20250830000644546 | 689912454595 | PREMA | U@1023554,,300.00,"-2,083.10"
30/08/25,TRANSFER | UPI20250830000555541 | 689906023143 | HOTEL SAMRUDDHI | U@0711460,,145.00,"-1,783.10"
30/08/25,TRANSFER | UPI20250830000526433 | 524210651435 | THOGARIHUNKAL ESTATES PRIVATE | U@1000151,,70.00,"-1,638.10"
30/08/25,TRANSFER | UPI20250830000352993 | 524210335536 | NOOR AYESHA | U@0569911,,54.00,"-1,568.10"
30/08/25,TRANSFER | UPI20250830000293141 | 524240223323 | SHASHI KANTH P | U@0354903,,65.00,"-1,514.10"
30/08/25,TRANSFER | UPI20250830000166739 | 689883156616 | Mr MAHESH B G | U@0532878,,300.00,"-1,449.10"
29/08/25,TRANSFER | UPI20250829000590672 | 689865188109 | ZOMATO | U@0815390,,172.41,"-1,149.10"
29/08/25,TRANSFER | UPI20250829000038088 | 524158053183 | POORNIMA T | U@0407090,,120.00,-976.69
28/08/25,TRANSFER | UPI20250828000524403 | 689821557672 | NABIRASUL | U@0690335,,380.00,-856.69
28/08/25,TRANSFER | UPI20250828000520877 | 388563242460 | SHASHANK D M | U@0803065,,240.00,-476.69
28/08/25,TRANSFER | UPI20250828000356780 | 524092920119 | Jayalakshmi | U@0168991,,50.00,-236.69
28/08/25,TRANSFER | UPI20250828000356082 | 689806159454 | NABIRASUL | U@0472125,,470.00,-186.69
28/08/25,TRANSFER | UPI20250828000035554 | 524016640864 | POORNIMA T | U@0106636,,80.00,283.31
27/08/25,TRANSFER | UPI20250827000332009 | 172270495348 | D G NARAYANA | U@0464334,"10,000.00",,363.31
25/08/25,TRANSFER | UPI20250825001497685 | 689650909049 | Amazon India | U@1490825,,204.00,"-9,636.69"
25/08/25,TRANSFER | UPI20250825001497130 | 009872212953 | Bhagyamma V G | U@1681949,200.00,,"-9,432.69"
24/08/25,TRANSFER | UPI20250825000751241 | 523633906163 | NABIRASUL | U@0946702,,10.00,"-9,632.69"
23/08/25,TRANSFER | UPI20250825000486332 | 388333557843 | Jayalakshmi | U@0595195,,10.00,"-9,622.69"
23/08/25,TRANSFER | UPI20250825000485703 | 523530118693 | NABIRASUL | U@0395842,,25.00,"-9,612.69"
23/08/25,TRANSFER | UPI20250825000234663 | 689558576363 | ZOMATO | U@0443776,,179.80,"-9,587.69"
23/08/25,TRANSFER | UPI20250825000062821 | 759181198049 | C N SHIVARAJU | U@0313642,300.00,,"-9,407.89"
11/08/25,TRANSFER | UPI20250811001443333 | 522310212146 | Airtel | U@2321232,,490.80,"-9,707.89"
11/08/25,TRANSFER | UPI20250811001425983 | 688998556502 | MANJUNATHA B C | U@2414742,,160.00,"-9,217.09"
11/08/25,TRANSFER | UPI20250811001394930 | 387780829613 | VENKATESH L | U@2114674,,149.00,"-9,057.09"
11/08/25,TRANSFER | UPI20250811001378528 | 522350100883 | NARASIMHAMURTHY | U@2208878,,270.00,"-8,908.09"
09/08/25,TRANSFER | UPI20250811000387442 | 387709125185 | ZOMATO | U@0274877,,180.55,"-8,638.09"
07/08/25,TRANSFER | UPI20250807000299098 | 521919157264 | SANTHOSH O P | U@0557666,,36.00,"-8,457.54"
06/08/25,TRANSFER | UPI20250806000605562 | 521812210951 | DURGARAM | U@0621466,,30.00,"-8,421.54"
06/08/25,TRANSFER | UPI20250806000341847 | 521806906709 | Nagaraju K | U@0569036,,50.00,"-8,391.54"
06/08/25,TRANSFER | UPI20250806000230820 | 521804814443 | Mr GIRISH G T | U@0346457,,120.00,"-8,341.54"
06/08/25,TRANSFER | UPI20250806000227990 | 521842168585 | SHANESHWRA STORE | U@0243533,,150.00,"-8,221.54"
05/08/25,TRANSFER | UPI20250805000436748 | 688727393029 | RANGASWAMY S | U@0284884,,91.00,"-8,071.54"
05/08/25,TRANSFER | UPI20250805000410510 | 688725599509 | NEW AGARWAL BHAVAN DASANPURA | U@0480898,,252.00,"-7,980.54"
05/08/25,TRANSFER | UPI20250805000377575 | 387516395368 | MOHAN KUMAR G N | U@0272503,,85.00,"-7,728.54"
04/08/25,TRANSFER | UPI20250804002362170 | 521679953190 | RATNAMMA | U@2568424,,60.00,"-7,643.54"
04/08/25,TRANSFER | UPI20250804002271756 | 387474103306 | M/S.INDRAPRASTHA VEGETARIAN VIJAYAN | U@2351816,,919.00,"-7,583.54"
04/08/25,TRANSFER | UPI20250804002107766 | 688670844641 | THE AMRITH CAFE | U@2518492,,80.00,"-6,664.54"
04/08/25,TRANSFER | UPI20250804002049362 | 521674613993 | Bhagyamma V G | U@2112118,,220.00,"-6,584.54"
04/08/25,TRANSFER | ECS-BD-IndusindBankLoan | TIAJ12335274 | 1716910945 | Z@ED47480,,"11,377.00","-6,364.54"
04/08/25,TRANSFER | UPI20250804002008803 | 688665326316 | VARSHITHA N N VARSHITHA | U@2104013,"11,400.00",,"5,012.46"
04/08/25,TRANSFER | UPI20250804001983837 | 764249727020 | D G NARAYANA | U@1795411,220.00,,"-6,387.54"
01/08/25,TRANSFER | UPI20250801000417623 | 109049963647 | PUSHPALATHA S D | U@0701439,550.00,,"-6,607.54"
30/07/25,TRANSFER | UPI20250730000362286 | 108947512830 | PUSHPALATHA S D | U@0170437,"2,525.00",,"-7,157.54"
29/07/25,TRANSFER | UPI20250729000212561 | 521060963115 | Restaurant Brands Asia Limited | U@0240652,,73.46,"-9,682.54"
29/07/25,TRANSFER | UPI20250729000170141 | 557603864620 | Burger King | U@0135190,,41.96,"-9,609.08"
29/07/25,TRANSFER | UPI20250729000149573 | 521022453344 | Burger King | U@0130758,,83.96,"-9,567.12"
29/07/25,TRANSFER | UPI20250729000129168 | 557692177819 | Burger King | U@0425173,,193.16,"-9,483.16"
28/07/25,TRANSFER | UPI20250728001607794 | 520938192834 | KARTHIK H N | U@1618609,,500.00,"-9,290.00"
27/07/25,TRANSFER | UPI20250728000672580 | 688302020297 | D G NARAYANA | U@0732654,,"99,999.00","-8,790.00"
27/07/25,TRANSFER | UPI20250728000672366 | 352499178076 | Bhagyamma V G | U@0732546,"99,999.00",,"91,209.00"
22/07/25,TRANSFER | UPI20250722000498599 | 386920912619 | KARTHIK H N | U@0496227,,"1,000.00","-8,790.00"
22/07/25,TRANSFER | UPI20250722000322531 | 288661067554 | ZOMATO LIMITED | U@0563083,,148.30,"-7,790.00"
20/07/25,TRANSFER | UPI20250721000182492 | 520136392193 | ZOMATO LIMITED | U@0535047,,253.85,"-7,641.70"
20/07/25,TRANSFER | UPI20250721000180858 | 688015359613 | Zomato Online Order | U@0436229,,477.90,"-7,387.85"
20/07/25,TRANSFER | UPI20250721000020762 | 688002960067 | Zomato Online Order | U@0104108,,172.10,"-6,909.95"
19/07/25,TRANSFER | UPI20250719000092299 | 288470795917 | ZOMATO | U@0518139,,191.43,"-6,737.85"
18/07/25,TRANSFER | UPI20250718000430357 | 687946192083 | KARTHIK H N | U@0584273,,200.00,"-6,546.42"
16/07/25,TRANSFER | UPI20250716000048963 | 687831789880 | PharmEasy | U@0409381,,901.02,"-6,346.42"
12/07/25,TRANSFER | UPI20250714000409114 | 090363953145 | HARSHITH M S | U@0580846,150.00,,"-5,445.40"
12/07/25,TRANSFER | UPI20250714000321937 | 519344950117 | FERILION LABS PRIVATE LIMITED | U@0163143,,"4,000.00","-5,595.40"
10/07/25,TRANSFER | UPI20250710000035769 | 687564219510 | Blinkit | U@0306663,,270.00,"-1,595.40"
09/07/25,TRANSFER | UPI20250709000498062 | 287936272358 | Chikkanna | U@0597894,,10.00,"-1,325.40"
09/07/25,TRANSFER | UPI20250709000405612 | 519067972214 | NABIRASUL | U@0179808,,75.00,"-1,315.40"
09/07/25,TRANSFER | UPI20250709000348397 | 287919576056 | Zomato Online Order | U@0468814,,170.20,"-1,240.40"
09/07/25,TRANSFER | UPI20250709000288662 | 687537956069 | BAKE AND FRESH | U@0557081,,280.00,"-1,070.20"
09/07/25,TRANSFER | UPI20250709000205268 | 386312804511 | Venkatesh M | U@0440250,,95.00,-790.20
09/07/25,TRANSFER | UPI20250709000183257 | 386311264852 | SRI GANESH PHARMA | U@0135696,,145.00,-695.20
09/07/25,TRANSFER | UPI20250709000172563 | 386310520497 | MAHESH LABORATORY | U@0534024,,100.00,-550.20
09/07/25,TRANSFER | UPI20250709000152551 | 687528250004 | LakshmiMaternityAndSurgicalCenterBA | U@0330216,,700.00,-450.20
09/07/25,TRANSFER | UPI20250709000114940 | 386306789727 | SUNIL | U@0422301,,215.00,249.80
08/07/25,TRANSFER | UPI20250708000473386 | 687508469721 | Mr MANJUNATHA G | U@0493289,,28.00,464.80
08/07/25,TRANSFER | UPI20250708000467628 | 687507950235 | VEERA KYATAPPA | U@0292805,,45.00,492.80
08/07/25,TRANSFER | UPI20250708000465420 | 687507751593 | NIRMAL KUMAR D | U@0491677,,300.00,537.80
08/07/25,TRANSFER | UPI20250708000288145 | 386272621794 | ASWIN ASHOK | U@0456801,,349.00,837.80
08/07/25,TRANSFER | UPI20250708000224234 | 386268015844 | THALASSERY RESTAURANT | U@0610212,,378.00,"1,186.80"
08/07/25,TRANSFER | UPI20250708000159657 | 687483403320 | MRS MANJULA BASAPPA GANAGER | U@0431285,,40.00,"1,564.80"
08/07/25,TRANSFER | UPI20250708000147866 | 687482586167 | HANUAMATA | U@0128460,,80.00,"1,604.80"
08/07/25,TRANSFER | UPI20250708000085438 | 386259003207 | Bangalore Metro Rail Corporation Lt | U@0516678,,500.00,"1,684.80"
08/07/25,TRANSFER | UPI20250708000083836 | 687478605627 | MOHAN KUMAR G N | U@0416470,,50.00,"2,184.80"
07/07/25,TRANSFER | UPI20250707000675063 | 386209610602 | JAGADISH KUMAR | U@1099440,,30.00,"2,234.80"
06/07/25,TRANSFER | UPI20250707000292688 | 687403450583 | KARTHIK H N | U@0923192,,500.00,"2,264.80"
06/07/25,TRANSFER | UPI20250707000097816 | 386169554162 | ZOMATO | U@0419105,,179.80,"2,764.80"
05/07/25,TRANSFER | UPI20250705000751888 | 287717425748 | KARTHIK H N | U@1403702,,200.00,"2,944.60"
05/07/25,TRANSFER | UPI20250705000731352 | 518625673010 | KARTHIK H N | U@1144245,"1,000.00",,"3,144.60"
05/07/25,TRANSFER | UPI20250705000730256 | 518677341333 | KARTHIK H N | U@1243909,,"1,000.00","2,144.60"
05/07/25,TRANSFER | UPI20250705000108819 | 687343759188 | KARTHIK H N | U@0121249,,"5,000.00","3,144.60"
05/07/25,TRANSFER | UPI20250705000043074 | 518616264758 | Blinkit | U@0208657,,990.00,"8,144.60"
04/07/25,TRANSFER | UPI20250704000452276 | 687321808742 | RAGHAVENDRA S V | U@2956639,,40.00,"9,134.60"
04/07/25,TRANSFER | UPI20250704000355265 | 687314546666 | Sribalajijuiceandchats | U@2838094,,140.00,"9,174.60"
04/07/25,TRANSFER | UPI20250704000354155 | 687314471518 | LIFE CARE MEDICALS 2 | U@2837861,,25.00,"9,314.60"
04/07/25,TRANSFER | UPI20250704000268622 | 518545370849 | JAYALAKSHMI | U@2920399,,20.00,"9,339.60"
04/07/25,TRANSFER | UPI20250704000257736 | 687308338375 | JAYALAKSHMI | U@2518676,,100.00,"9,359.60"
04/07/25,TRANSFER | UPI20250704000255401 | 687308198569 | K A SADASHIVA | U@2518203,,210.00,"9,459.60"
04/07/25,TRANSFER | ECS-BD-IndusindBankLoan | TIAJ12092460 | 0348342096 | Z@ED41799,,"11,377.00","9,669.60"
03/07/25,TRANSFER | UPI20250703001414675 | 518410015429 | BHARATH K S | U@1678306,,264.00,"21,046.60"
03/07/25,TRANSFER | UPI20250703001310557 | 287574818535 | Clean Slate Cafe | U@1363329,,"1,145.00","21,310.60"
03/07/25,TRANSFER | UPI20250703001137965 | 287568015265 | ZOMATO LIMITED | U@1525085,,400.02,"22,455.60"
03/07/25,CASH W/D | 03JUL25 ELECTRO 03:10:53 | IN068271INR 2957.00 | POTHYS RETAIL PVT LTD | A89500001,,"2,957.00","22,855.62"
02/07/25,TRANSFER | UPI20250702000423945 | 518363175187 | Blinkit | U@0950011,,518.00,"25,812.62"
01/07/25,INTEREST | CREDIT INTEREST | FROM APR25 TO JUN25 | ZDD400145,44.63,,"26,330.62"
01/07/25,TRANSFER | UPI20250701000700091 | 518249206285 | KARTHIK H N | U@1457672,500.00,,"26,285.99"
01/07/25,TRANSFER | UPI20250701000699637 | 518278801369 | KARTHIK H N | U@1258381,"11,000.00",,"25,785.99"
01/07/25,TRANSFER | UPI20250701000545214 | 385967075621 | ANAND K | U@1427382,,50.00,"14,785.99"
01/07/25,TRANSFER | UPI20250701000531444 | 687190060106 | KOUSALYA SWEETS AND | U@1504491,,950.00,"14,835.99"
01/07/25,TRANSFER | UPI20250701000462281 | 687185124694 | ABDUL ATEEQ K | U@1211769,,40.00,"15,785.99"
01/07/25,TRANSFER | UPI20250701000459271 | 687184922249 | ROOP SANGAM | U@1211266,,"2,320.00","15,825.99"
01/07/25,TRANSFER | UPI20250701000432778 | 385959116330 | Halli Mane Malleswaram 2 | U@0806323,,168.00,"18,145.99"
01/07/25,TRANSFER | UPI20250701000416712 | 518289447363 | ZudioMantri square MallBangalore Z1 | U@0803218,,998.00,"18,313.99"
01/07/25,TRANSFER | UPI20250701000337391 | 385953473521 | E S RAMESHKUMAR | U@0465979,,100.00,"19,311.99"
01/07/25,TRANSFER | UPI20250701000319745 | 687176564501 | N S VASUKI | U@0162424,,260.00,"19,411.99"
30/06/25,TRANSFER | UPI20250630001452363 | 518101077728 | Zomato Ltd | U@2363731,309.16,,"19,671.99"
30/06/25,TRANSFER | UPI20250630001419357 | 518170389743 | Zomato Ltd | U@2357207,,309.16,"19,362.83"
29/06/25,TRANSFER | UPI20250630001079741 | 687109170957 | SHASHANK D M | U@1595253,,90.00,"19,671.99"
29/06/25,TRANSFER | UPI20250630001079182 | 385883868102 | NABIRASUL | U@1790687,,30.00,"19,761.99"
29/06/25,TRANSFER | UPI20250630000839109 | 687089989750 | SHASHANK D M | U@1744156,,95.00,"19,791.99"
29/06/25,TRANSFER | UPI20250630000655199 | 518068737163 | Blinkit | U@1428636,,219.00,"19,886.99"
28/06/25,TRANSFER | UPI20250630000117921 | 287282655096 | Blinkit | U@1204218,,207.00,"20,105.99"
28/06/25,TRANSFER | UPI20250630000109225 | 687038897855 | Zomato Online Order | U@1102422,,208.43,"20,312.99"
28/06/25,TRANSFER | UPI20250630000030149 | 385806984948 | Blinkit | U@0205978,,737.00,"20,521.42"
27/06/25,TRANSFER | UPI20250627000424795 | 107146618481 | SANTHOSH GOWDA B | U@0483587,250.00,,"21,258.42"
27/06/25,TRANSFER | UPI20250627000413958 | 385791579819 | MOHAMMED NASIR | U@0481488,,253.00,"21,008.42"
27/06/25,TRANSFER | UPI20250627000316698 | 287245274479 | Zomato Ltd | U@0161322,,149.50,"21,261.42"
27/06/25,TRANSFER | UPI20250627000281896 | 687007666215 | CHANDRU | U@0455714,,335.00,"21,410.92"
27/06/25,TRANSFER | UPI20250627000176646 | 687000555182 | ANAND K | U@0434784,,400.00,"21,745.92"
27/06/25,TRANSFER | UPI20250627000131686 | 517847075864 | ANAND K | U@0125308,,82.00,"22,145.92"
27/06/25,TRANSFER | UPI20250627000121076 | 686996728249 | MUTTAPPA M HUGAR | U@0223507,,160.00,"22,227.92"
27/06/25,TRANSFER | UPI20250627000025917 | 385763202868 | Blinkit | U@0204865,,240.00,"22,387.92"
26/06/25,TRANSFER | UPI20250626000192259 | 517753999264 | CRED | U@0901350,,"20,928.45","22,627.92"
26/06/25,TRANSFER | UPI20250626000191183 | 686960350671 | HARSHITHA N | U@0801117,,"5,000.00","43,556.37"
26/06/25,TRANSFER | UPI20250626000027324 | 385720882519 | Jayalakshmi | U@0205014,,65.00,"48,556.37"
26/06/25,TRANSFER | UPI20250626000026096 | 686948510964 | NABIRASUL | U@0304752,,73.00,"48,621.37"
25/06/25,TRANSFER | UPI20250625000513481 | 100831174852 | ZOMATO | U@0645826,90.87,,"48,694.37"
25/06/25,TRANSFER | UPI20250625000447477 | 385710324068 | ZOMATO | U@0486996,,288.50,"48,603.50"
25/06/25,TRANSFER | UPI20250625000054669 | 686908880991 | Zomato Online Order | U@0510780,,171.20,"48,892.00"
25/06/25,TRANSFER | UPI20250625000023525 | 686906479098 | Blinkit | U@0104490,,339.00,"49,063.20"
24/06/25,TRANSFER | UPI20250624000448333 | 517564484408 | ZOMATO | U@0388748,,222.35,"49,402.20"
24/06/25,TRANSFER | UPI20250624000428518 | 686895541171 | Zomato private Limited | U@0483355,,200.75,"49,624.55"
24/06/25,TRANSFER | UPI20250624000394225 | 385662883303 | Mr Nandeesh K S | U@0177624,,94.00,"49,825.30"
24/06/25,TRANSFER | UPI20250624000325138 | 385656767896 | HOTEL SRI GAJANANA | U@0463225,,45.00,"49,919.30"
23/06/25,TRANSFER | UPI20250623000823722 | 686842184869 | RAJA SAHEB | U@0860939,,92.00,"49,964.30"
23/06/25,TRANSFER | UPI20250623000812197 | 686841236765 | Vincent Issac L | U@0957838,,78.00,"50,056.30"
23/06/25,TRANSFER | UPI20250623000668212 | 287011459097 | Blinkit | U@1110707,,254.00,"50,134.30"
22/06/25,TRANSFER | UPI20250623000285259 | 517361926250 | KARTHIK H N | U@0155732,,500.00,"50,388.30"
21/06/25,TRANSFER | UPI20250621000194150 | 686747775682 | VINOD M K | U@0338113,,170.00,"50,888.30"
20/06/25,TRANSFER | UPI20250620000419275 | 286879761696 | Ankithagowda S | U@0582166,,185.00,"51,058.30"
20/06/25,TRANSFER | UPI20250620000406872 | 686722735056 | Mr V Vishwanath | U@0179769,,120.00,"51,243.30"
20/06/25,TRANSFER | UPI20250620000404612 | 286878115724 | GUDIYA | U@0278898,,20.00,"51,363.30"
20/06/25,TRANSFER | UPI20250620000399481 | 686722038033 | MAA ASHIRWAD FASHION | U@0578174,,500.00,"51,383.30"
20/06/25,TRANSFER | UPI20250620000317289 | 286868518994 | MUHAMMED RISAF K P | U@0462506,,75.00,"51,883.30"
20/06/25,TRANSFER | UPI20250620000225745 | 385474929979 | MANJAPPA K V | U@0444504,,105.00,"51,958.30"
20/06/25,TRANSFER | UPI20250620000115254 | 385466972398 | XXXPGN KOTAK 811 OTP PGN | U@0322210,,328.00,"52,063.30"
20/06/25,TRANSFER | UPI20250620000030371 | 517118995374 | Blinkit | U@0305840,,358.00,"52,391.30"
17/06/25,TRANSFER | UPI20250617000377453 | 106630231608 | LEKHRAJ P | U@1544407,"16,625.00",,"52,749.30"
17/06/25,TRANSFER | UPI20250617000353596 | 516808291232 | GIRISH H | U@1140310,"37,800.00",,"36,124.30"
17/06/25,TRANSFER | UPI20250617000122830 | 386462457381 | XXXPGN KOTAK 811 SAVINGS BANK PGN 0 | U@0324082,,30.00,"-1,675.70"
14/06/25,TRANSFER | UPI20250616000430170 | 286560113609 | THPELA SIVA SHANKAR | U@0184468,,80.00,"-1,645.70"
14/06/25,TRANSFER | UPI20250616000210743 | 516514875462 | KARTHIK H N | U@0241467,,90.00,"-1,565.70"
12/06/25,TRANSFER | UPI20250612000174362 | 385120633915 | ZOMATO | U@0534405,,389.95,"-1,475.70"
12/06/25,TRANSFER | UPI20250612000174127 | 552919452317 | KARTHIK H N | U@0133506,,390.00,"-1,085.75"
12/06/25,TRANSFER | UPI20250612000121888 | 686355078623 | KARTHIK H N | U@0123307,,50.00,-695.75
11/06/25,TRANSFER | UPI20250611000291029 | 385083878067 | EKART | U@0456199,,"1,007.00",-645.75
11/06/25,TRANSFER | UPI20250611000289955 | 288943862907 | NH | U@0630151,"1,000.00",,361.25
10/06/25,TRANSFER | UPI20250610000279513 | 516147925324 | KIRAN B J | U@1526717,,80.00,-638.75
10/06/25,TRANSFER | UPI20250610000252605 | 385036202175 | RAJESH S K | U@1421640,,100.00,-558.75
10/06/25,TRANSFER | UPI20250610000251949 | 686275952793 | RAJESH S K | U@1521375,,20.00,-458.75
10/06/25,TRANSFER | UPI20250610000090759 | 286315185944 | PharmEasy | U@0417766,,995.23,-438.75
10/06/25,TRANSFER | UPI20250610000090623 | 771039634281 | Bhagyamma V G | U@0117817,996.00,,556.48
09/06/25,TRANSFER | UPI20250609001102374 | 516027073432 | KARTHIK H N | U@1777672,,100.00,-439.52
09/06/25,TRANSFER | UPI20250609000864644 | 210994099645 | SHIVAKUMAR P M | U@1731173,288.00,,-339.52
07/06/25,TRANSFER | UPI20250607000446827 | 286183579080 | NABIRASUL | U@0387959,,30.00,-627.52
07/06/25,TRANSFER | UPI20250607000444281 | 384914613859 | SANTHOSH O P | U@1058884,,24.00,-597.52
06/06/25,TRANSFER | UPI20250606000314685 | 515743557582 | Polar Bear Malleshwaram | U@0362913,,458.00,-573.52
06/06/25,TRANSFER | UPI20250606000271462 | 686098419643 | MAHADEVA SWAMY M | U@0553981,,20.00,-115.52
06/06/25,TRANSFER | UPI20250606000105441 | 384845757314 | ABHISHEK P | U@0220163,,310.00,-95.52
04/06/25,TRANSFER | UPI20250604000233567 | 286004801718 | Zomato Ltd | U@0145321,,170.25,214.48
04/06/25,TRANSFER | UPI20250604000232336 | 384764101080 | Zomato Online Order | U@0545339,,182.95,384.73
04/06/25,TRANSFER | UPI20250604000135569 | 515510032337 | KARTHIK H N | U@0425906,"5,000.00",,567.68
04/06/25,TRANSFER | ECS-BD-IndusindBankLoan | TIAJ11938816 | 9069031166 | Z@ED39483,,"11,377.00","-4,432.32"
01/06/25,TRANSFER | UPI20250602000390009 | 285855932379 | Zomato Ltd | U@0746851,,777.25,"6,944.68"
01/06/25,TRANSFER | UPI20250602000385191 | 285855587235 | Zomato Online Order | U@0645830,,493.75,"7,721.93"
31/05/25,TRANSFER | UPI CR For | 285759826347 | 30-May-25 | U | ILME20836,209.00,,"8,215.68"
30/05/25,TRANSFER | UPI20250530000459027 | 614731059176 | PAVANA S | U@0389998,,282.00,"8,006.68"
30/05/25,TRANSFER | UPI20250530000412822 | 285760026742 | Clean Slate Cafe | U@0480856,,209.00,"8,288.68"
30/05/25,TRANSFER | UPI20250530000412444 | 285759826347 | Clean Slate Cafe | U@0582802,,209.00,"8,497.68"
30/05/25,TRANSFER | UPI20250530000367921 | 285754549072 | Clean Slate Cafe | U@0573408,,498.00,"8,706.68"
30/05/25,TRANSFER | UPI20250530000302215 | 285748268480 | RAMASHRAYAM FOODS L L P | U@0359531,,777.00,"9,204.68"
30/05/25,TRANSFER | UPI20250530000289608 | 614715855274 | ZOMATO | U@0357020,,413.10,"9,981.68"
30/05/25,TRANSFER | UPI20250530000288583 | 551666405371 | KARTHIK H N | U@0255899,"11,000.00",,"10,394.78"
30/05/25,TRANSFER | UPI20250530000220667 | 614711773910 | NARASIMHAMURTHY | U@0242886,,195.00,-605.22
29/05/25,TRANSFER | UPI20250529000551682 | 384530165149 | KARTHIK H N | U@0808121,,100.00,-410.22
28/05/25,TRANSFER | UPI20250528000352255 | 285658994438 | KARTHIK H N | U@0266827,,50.00,-310.22
28/05/25,TRANSFER | UPI20250528000339654 | 514823446795 | CRED | U@0564604,,"14,683.50",-260.22
28/05/25,TRANSFER | UPI20250528000272834 | 514871667714 | SUSHMA | U@0550816,"15,000.00",,"14,423.28"
27/05/25,TRANSFER | UPI20250527000026018 | 514751730143 | ZOMATO | U@0104913,,203.00,-576.72
26/05/25,TRANSFER | UPI20250526001377953 | 285551186846 | ACT Broadband | U@1749071,,688.21,-373.72
26/05/25,TRANSFER | UPI20250526001371397 | 514698066657 | KARTHIK H N | U@1643610,"1,000.00",,314.49
25/05/25,TRANSFER | UPI20250526000857910 | 462860959479 | VENUGOPAL K | U@1245004,12.00,,-685.51
25/05/25,TRANSFER | UPI20250526000693757 | 614501889538 | KUMAR | U@1212112,,8.00,-697.51
23/05/25,TRANSFER | UPI20250523000244811 | 614426671696 | DHANANJAYA R | U@0349457,,78.00,-689.51
23/05/25,TRANSFER | UPI20250523000244076 | 514370588135 | KARTHIK H N | U@0546671,,70.00,-611.51
23/05/25,TRANSFER | UPI20250523000201475 | 614423799909 | MANJULA K Y | U@0538636,,78.00,-541.51
23/05/25,TRANSFER | UPI20250523000181873 | 384249127381 | YASHODA | U@0436986,,"6,900.00",-463.51
23/05/25,TRANSFER | UPI20250523000180557 | 614422328918 | BYLAMMA EDUCATIONAL AND | U@0534653,,"15,000.00","6,436.49"
23/05/25,TRANSFER | UPI20250523000176868 | 614422063452 | MANJULA K Y | U@0133264,,78.00,"21,436.49"
23/05/25,TRANSFER | UPI20250523000141202 | 550969411877 | LEKHRAJ P | U@0428182,"22,000.00",,"21,514.49"
23/05/25,TRANSFER | UPI20250523000130841 | 285392583137 | Jio | U@0524272,,19.00,-485.51
22/05/25,TRANSFER | UPI20250522000399003 | 384225989735 | Mr GIRISH G T | U@0477807,,80.00,-466.51
22/05/25,TRANSFER | UPI20250522000390593 | 384225141691 | Mrs LATHA | U@0273446,,12.00,-386.51
22/05/25,TRANSFER | UPI20250522000388565 | 384224935278 | RAGHUNATHA H | U@0475641,,60.00,-374.51
22/05/25,TRANSFER | UPI20250522000384417 | 614398518464 | Vakil | U@0474775,,60.00,-314.51
22/05/25,TRANSFER | UPI20250522000350400 | 514227356560 | KARTHIK H N | U@0368288,300.00,,-254.51
21/05/25,TRANSFER | UPI20250521000298260 | 285309160524 | Pradeep Y | U@0457214,,50.00,-554.51
21/05/25,TRANSFER | UPI20250521000281796 | 384173560177 | SUSHMA | U@0453414,,400.00,-504.51
21/05/25,TRANSFER | UPI20250521000097399 | 285291268888 | Nagaraju A | U@0217736,,55.00,-104.51
17/05/25,TRANSFER | UPI20250517000361435 | 285113566603 | Jio | U@0571868,,29.00,-49.51
17/05/25,TRANSFER | UPI20250517000287501 | 550374408812 | KARTHIK H N | U@0556199,500.00,,-20.51
17/05/25,TRANSFER | UPI20250517000214297 | 285101371782 | SUDHIR KUMAR | U@0442649,,30.00,-520.51
17/05/25,TRANSFER | UPI20250517000203694 | 383996440285 | DIVYA S | U@0440743,,140.00,-490.51
16/05/25,TRANSFER | UPI20250516000376591 | 513667759892 | KARTHIK H N | U@0575516,200.00,,-350.51
16/05/25,TRANSFER | UPI20250516000366908 | 285064278266 | Gokul Cool Joint | U@0573527,,110.00,-550.51
16/05/25,TRANSFER | UPI20250516000320649 | 614139565746 | JAYALAKSHMI | U@0262055,,95.00,-440.51
16/05/25,TRANSFER | UPI20250516000258944 | 513621061922 | NARASIMHA SHENOY K | U@0349691,,50.00,-345.51
15/05/25,TRANSFER | UPI20250515000337652 | 614098759750 | VINOD KUMAR T | U@0167530,,50.00,-295.51
15/05/25,TRANSFER | UPI20250515000308649 | 550193395460 | KARTHIK H N | U@0161341,100.00,,-245.51
14/05/25,TRANSFER | UPI20250514000031425 | 383853916236 | VEENA M W O SHANKAR S | U@0305870,,300.00,-345.51
13/05/25,TRANSFER | UPI20250513000123228 | 513315441976 | KARTHIK H N | U@0524680,500.00,,-45.51
12/05/25,TRANSFER | UPI20250512001489602 | 284849501081 | ANTARASTRIYA | U@1766661,,70.00,-545.51
12/05/25,TRANSFER | UPI20250512001469958 | 383786345880 | VINAYAK DEVADIGA | U@2124653,,135.00,-475.51
12/05/25,TRANSFER | UPI20250512001467077 | 549818588911 | KARTHIK H N | U@1959183,140.00,,-340.51
11/05/25,TRANSFER | UPI20250512000846497 | 284787485757 | Jio | U@1436218,,300.80,-480.51
11/05/25,TRANSFER | UPI20250512000794181 | 549718014045 | KARTHIK H N | U@1425750,250.00,,-179.71
10/05/25,TRANSFER | UPI20250512000452436 | 513041684562 | Burger King India | U@0490311,,104.96,-429.71
10/05/25,TRANSFER | UPI20250512000430128 | 513076576052 | KARTHIK H N | U@0384117,187.00,,-324.75
10/05/25,TRANSFER | UPI20250512000233930 | 613891034422 | Brahmasri Juice And Condiments Sa S | U@0243863,,70.00,-511.75
09/05/25,TRANSFER | UPI20250509000091866 | 383653061802 | KARTHIK H N | U@0418520,,100.00,-441.75
09/05/25,TRANSFER | UPI20250509000090327 | 549527474207 | KARTHIK H N | U@0217669,,100.00,-341.75
08/05/25,TRANSFER | UPI20250508000225641 | 549477319732 | SANKAR RAO | U@0343985,,10.00,-241.75
07/05/25,TRANSFER | UPI20250507000455370 | 284577176920 | Mrs JAYALAKSHMI | U@0491077,,65.00,-231.75
07/05/25,TRANSFER | UPI20250507000451376 | 383598849427 | UJJWAL GOWDA | U@0289341,,48.00,-166.75
07/05/25,TRANSFER | UPI20250507000445094 | 383598354737 | RAGHUNATHA H | U@0489081,,60.00,-118.75
07/05/25,TRANSFER | UPI20250507000092739 | 284538084003 | Zomato Ltd | U@0516970,,202.65,-58.75
06/05/25,TRANSFER | UPI20250506000536679 | 284522460856 | Zomato Online Order | U@1004663,,169.45,143.90
06/05/25,TRANSFER | UPI20250506000521811 | 512695937575 | KARTHIK H N | U@0605133,630.00,,313.35
06/05/25,TRANSFER | UPI20250506000435747 | 284511087968 | PRADEEPA D E | U@0484738,,88.00,-316.65
06/05/25,TRANSFER | UPI20250506000221204 | 284487535235 | NATARAJ G R | U@0543878,,20.00,-228.65
05/05/25,TRANSFER | UPI20250505000858675 | 613707042045 | UDUPI GRAND | U@1169389,,60.00,-208.65
05/05/25,TRANSFER | UPI20250505000853028 | 613706752362 | Mahamad Arshad | U@1213433,,150.00,-148.65
04/05/25,TRANSFER | UPI20250505000721168 | 564193201245 | Paytm | U@0786888,4.00,,1.35
04/05/25,TRANSFER | UPI20250505000720939 | 284399645279 | KARTHIK H N | U@1141832,,"10,500.00",-2.65
04/05/25,TRANSFER | UPI20250505000681559 | 284396067639 | ANJANEYA D T | U@1134106,,10.00,"10,497.35"
04/05/25,TRANSFER | UPI20250505000679556 | 512479869156 | Jayalakshmi | U@1035759,,35.00,"10,507.35"
04/05/25,TRANSFER | UPI20250505000676642 | 284395600942 | SHASHANK D M | U@1133033,,60.00,"10,542.35"
04/05/25,TRANSFER | UPI20250505000617340 | 549000854366 | Zomato Ltd | U@1023206,106.98,,"10,602.35"
04/05/25,TRANSFER | UPI20250505000578782 | 284385570120 | Zomato Ltd | U@1015483,,178.30,"10,495.37"
04/05/25,TRANSFER | ECS-BD-IndusindBankLoan | TIAJ11786422 | 7950811606 | Z@ED37525,,"11,377.00","10,673.67"
04/05/25,TRANSFER | UPI20250505000136695 | 284343369566 | Zomato Ltd | U@0126263,,205.18,"22,050.67"
03/05/25,TRANSFER | UPI20250503001227182 | 284326009673 | SHASHIKUMAR V | U@1292272,,60.00,"22,255.85"
03/05/25,TRANSFER | UPI20250503000874922 | 383435169981 | JAY PRKASH | U@1073528,,25.00,"22,315.85"
02/05/25,TRANSFER | UPI20250502000456658 | 284250244695 | Zomato Ltd | U@0489304,,169.45,"22,340.85"
01/05/25,TRANSFER | UPI20250501000460390 | 512192444965 | KARTHIK H N | U@0591841,"12,000.00",,"22,510.30"
29/04/25,TRANSFER | UPI20250429000575378 | 548647729221 | KARTHIK H N | U@1011271,"10,300.00",,"10,510.30"
27/04/25,ATM | 27APR25 NFS 17:36:05 | MADANAIYAKAN BANGALORE M | 511717004247 004247 | A96134539,,500.00,210.30
27/04/25,ATM | 27APR25 NFS 17:35:07 | MADANAIYAKAN BANGALORE M | 511717004246 004246 | A96134537,,200.00,710.30
27/04/25,TRANSFER | UPI20250428000594797 | 283903758869 | KARTHIK H N | U@0816501,,200.00,910.30
26/04/25,TRANSFER | UPI20250428000504522 | 283894922227 | BIBIFATIMA BAGAWANA | U@0298683,,179.00,"1,110.30"
26/04/25,TRANSFER | UPI20250428000428419 | 511609197736 | KARTHIK H N | U@0184699,250.00,,"1,289.30"
26/04/25,TRANSFER | UPI20250428000427507 | 283886587793 | AVYAY ENTERPRISES | U@0483611,,91.00,"1,039.30"
26/04/25,TRANSFER | UPI20250428000426777 | 283886499662 | AVYAY ENTERPRISES | U@0184282,,396.00,"1,130.30"
26/04/25,TRANSFER | UPI20250428000353209 | 283878197845 | KK Brigade Orion Mall Lakeside | U@0368635,,164.00,"1,526.30"
26/04/25,TRANSFER | UPI20250428000318704 | 283874516208 | WTC TRADES AND PROJECTS PL CAM | U@0261604,,500.00,"1,690.30"
26/04/25,TRANSFER | UPI20250428000301706 | 283872767895 | Swirl Soft Corner | U@0258170,,100.00,"2,190.30"
26/04/25,TRANSFER | UPI20250428000300868 | 283872683344 | CHIRAG B | U@0559310,,170.00,"2,290.30"
26/04/25,TRANSFER REVERSAL | UPI20250428000300505 | 511612657001 | HSBC0560002/null | U@0358265,,170.00,"2,460.30"
26/04/25,TRANSFER | UPI20250428000300486 | 511612657001 | REDSTAGE STUDIOS PRIVATE LIMITED | U@0159249,,170.00,"2,630.30"
26/04/25,TRANSFER | UPI20250428000290213 | 283871603218 | MD ZAKARIA | U@0356056,,100.00,"2,800.30"
26/04/25,TRANSFER | UPI20250428000239837 | 511622538527 | SJB Orion Gateway BLR | U@0546760,,104.00,"2,900.30"
26/04/25,TRANSFER | UPI20250428000189507 | 283861803119 | BHAGYALKSHMI | U@0236037,,189.00,"3,004.30"
26/04/25,TRANSFER | UPI20250428000184935 | 283861404428 | KARTHIK H N | U@0535935,,300.00,"3,193.30"
26/04/25,TRANSFER | UPI20250428000069862 | 548289266358 | CRED | U@0113626,,"4,172.08","3,493.30"
26/04/25,TRANSFER | UPI20250428000069267 | 283850461225 | ZOMATO | U@0413793,,211.09,"7,665.38"
26/04/25,TRANSFER | UPI20250428000028309 | 283845228333 | SOUNDARYABAI R | U@0505719,,50.00,"7,876.47"
25/04/25,TRANSFER | UPI20250425000426662 | 283828066640 | SHASHANK D M | U@0383294,,100.00,"7,926.47"
25/04/25,TRANSFER | UPI20250425000425744 | 283827954642 | NABIRASUL | U@0183426,,20.00,"8,026.47"
25/04/25,TRANSFER | UPI20250425000412701 | 613390196316 | RAKESH KUMAR | U@0280147,,110.00,"8,046.47"
25/04/25,TRANSFER | UPI20250425000409989 | 613389991203 | MIAMI SUPERMARKET | U@0582074,,70.00,"8,156.47"
25/04/25,TRANSFER | UPI20250425000397549 | 283824377588 | Shaneshwra Store | U@0477222,,65.00,"8,226.47"
25/04/25,TRANSFER | UPI20250425000301857 | 283813251404 | Swiggy | U@0358505,,308.00,"8,291.47"
25/04/25,TRANSFER | UPI20250425000048415 | 283786793209 | VARSHITHA N | U@0308866,"8,588.00",,"8,599.47"
13/04/25,TRANSFER | UPI20250414001017467 | 546975783097 | Swiggy | U@1201136,,100.00,11.47
13/04/25,TRANSFER | UPI20250414000811528 | 546967799351 | KARTHIK H N | U@0660651,80.00,,111.47
11/04/25,TRANSFER | UPI20250411000540831 | 546746954861 | THIPPERANGA S 8750 | U@0806592,,47.00,31.47
11/04/25,TRANSFER | UPI20250411000422819 | 546734329382 | NABIRASUL | U@0382309,,60.00,78.47
11/04/25,TRANSFER | UPI20250411000421077 | 510169057996 | Mrs JAYALAKSHMI | U@0182447,,20.00,138.47
11/04/25,TRANSFER | UPI20250411000091619 | 510187725377 | KARTHIK H N | U@0316706,100.00,,158.47
09/04/25,TRANSFER | UPI20250409000084265 | 509914031720 | NABIRASUL | U@0517137,,56.00,58.47
09/04/25,TRANSFER | UPI20250409000083514 | 509957185363 | Jayalakshmi | U@0516940,,10.00,114.47
09/04/25,TRANSFER | UPI20250409000074111 | 509944564666 | KARTHIK H N | U@0514928,100.00,,124.47
