Date,Description,Credit,Debit,Balance
27/03/2026,TRANSFER | UPI20260327000115122 | Mubaraq Basha | AIRP0000001/917676142936 | Sent using Paytm UPI | U@0613267,,57.00,"18,076.06"
26/03/2026,TRANSFER | UPI20260326000535783 | Thanushree N | U@0761241,,46.00,"18,133.06"
26/03/2026,TRANSFER | UPI20260326000528291 | CHIDANAND R HIREMATH | U@0464543,,80.00,"18,179.06"
26/03/2026,TRANSFER | UPI20260326000446188 | Bangalore Metro Rail Corporation Lt | U@0852912,,100.00,"18,259.06"
26/03/2026,TRANSFER | UPI20260326000386584 | Mrs RANI K | U@0744376,,15.00,"18,359.06"
26/03/2026,TRANSFER | UPI20260326000375666 | CRED Club | U@0652612,,"49,833.75","18,374.06"
26/03/2026,TRANSFER | UPI20260326000371064 | SOUNDARYA L | U@0444489,,80.00,"68,207.81"
26/03/2026,TRANSFER | UPI20260326000297285 | LOKESHA NAIK | U@0640974,,58.00,"68,287.81"
26/03/2026,TRANSFER | UPI20260326000221455 | BMTC BUS KA51AK4202 | U@0725334,,18.00,"68,345.81"
25/03/2026,TRANSFER | UPI20260325000452903 | Jio | U@0152844,,902.00,"68,363.81"
25/03/2026,TRANSFER | UPI20260325000436848 | Raja Kumar Ram | U@0151004,,437.00,"69,265.81"
25/03/2026,TRANSFER | UPI20260325000290759 | YASAR ARFATH KHAN | U@0537375,,309.00,"69,702.81"
23/03/2026,TRANSFER | UPI20260323001110752 | KARTHIK H N | U@0942198,"70,000.00",,"70,011.81"
20/03/2026,TRANSFER | UPI20260320000504147 | PUNARVI P | U@0361798,,363.00,11.81
20/03/2026,TRANSFER | UPI20260320000378025 | MOHAMMAD IBRAHIM | U@0247417,,56.00,374.81
20/03/2026,TRANSFER | UPI20260320000325163 | BMTC BUS KA57F4916 | U@0639389,,15.00,430.81
20/03/2026,TRANSFER | UPI20260320000319375 | BMTC BUS KA51AK7322 | U@0735706,,6.00,445.81
20/03/2026,TRANSFER | UPI20260320000293798 | THE AMRITH CAFE | U@0834212,,60.00,451.81
20/03/2026,TRANSFER | UPI20260320000263503 | ROHITH K H | U@0829801,500.00,,511.81
20/03/2026,TRANSFER | UPI20260320000245873 | RAGHAVENDRA TIFFIN | U@0533677,,60.00,11.81
20/03/2026,TRANSFER | UPI20260320000112673 | BMTC BUS KA57F4923 | U@0814340,,16.00,71.81
18/03/2026,TRANSFER | UPI20260318000216812 | RAGHAVENDRA TIFFIN | U@0727926,,50.00,87.81
18/03/2026,TRANSFER | UPI20260318000090570 | MALAPPA SO SHIVANNA | U@0312571,,54.00,137.81
17/03/2026,TRANSFER | UPI20260317000400638 | Pramod E U | U@0251447,,70.00,191.81
16/03/2026,TRANSFER | UPI20260316001587085 | NABIRASUL | U@0994207,,40.00,261.81
15/03/2026,TRANSFER | UPI20260316001286085 | KARTHIK H N | U@1655790,300.00,,301.81
13/03/2026,TRANSFER | UPI20260313000078809 | YALLALING | U@0311236,,60.00,1.81
12/03/2026,TRANSFER | UPI20260312000143515 | KARTHIK H N | U@0217547,,150.00,61.81
12/03/2026,TRANSFER | UPI20260312000142719 | RAVICHANDRA U | U@0319871,200.00,,211.81
12/03/2026,TRANSFER | UPI20260312000041629 | NABIRASUL | U@0505700,,25.00,11.81
11/03/2026,TRANSFER | UPI20260311000649669 | NABIRASUL | U@0882038,,41.00,36.81
11/03/2026,TRANSFER | UPI20260311000595271 | M G SRINIVASA | U@0573904,,46.00,77.81
11/03/2026,TRANSFER | UPI20260311000590810 | KARTHIK H N | U@0173512,50.00,,123.81
11/03/2026,TRANSFER | UPI20260311000589311 | VARSHITHA N N VARSHITHA | U@0772485,,11.00,73.81
11/03/2026,TRANSFER | UPI20260311000506435 | Bangalore Metro Rail Corporation Lt | U@0659212,,50.00,62.81
11/03/2026,TRANSFER | UPI20260311000424294 | KARTHIK H N | U@0552549,,80.00,112.81
10/03/2026,TRANSFER | UPI20260310000445527 | SETHURAMU S R | U@0354097,,90.00,32.81
09/03/2026,TRANSFER | UPI20260309001395000 | D G NARAYANA | U@1564702,,100.00,122.81
08/03/2026,TRANSFER | UPI20260309000679118 | MIAMI SUPERMARKET | U@0687835,,82.00,22.81
08/03/2026,TRANSFER | UPI20260309000577065 | KARTHIK H N | U@0565592,100.00,,104.81
08/03/2026,TRANSFER | UPI20260309000065195 | NABIRASUL | U@0108371,,36.00,4.81
07/03/2026,TRANSFER | UPI20260307000337910 | ETERNAL LIMITED | U@0840893,,186.65,40.81
06/03/2026,TRANSFER | UPI20260306000393416 | JANAPRIYA STORE | U@0146272,,50.00,227.46
06/03/2026,TRANSFER | UPI20260306000359821 | Parkash Sirvi | U@0540944,,30.00,277.46
06/03/2026,TRANSFER | UPI20260306000352881 | KARTHIK H N | U@0844036,70.00,,307.46
06/03/2026,TRANSFER | UPI20260306000349246 | KARTHIK H N | U@0140774,130.00,,237.46
05/03/2026,TRANSFER | UPI20260305000665793 | NABIRASUL | U@0383377,,10.00,107.46
05/03/2026,TRANSFER | UPI20260305000665210 | NABIRASUL | U@0481299,,20.00,117.46
05/03/2026,TRANSFER | UPI20260305000660720 | MANJUNATH C P | U@0480979,,65.00,137.46
05/03/2026,TRANSFER | UPI20260305000657851 | Shree Ranganatha Vegetables Store | U@0176913,,10.00,202.46
05/03/2026,TRANSFER | UPI20260305000655522 | Shree Ranganatha Vegetables Store | U@0880977,,80.00,212.46
05/03/2026,TRANSFER | UPI20260305000640580 | Mr ANJANEYA D T | U@0580599,,20.00,292.46
05/03/2026,TRANSFER | UPI20260305000528320 | D G NARAYANA | U@0759825,,200.00,312.46
05/03/2026,TRANSFER | UPI20260305000417345 | H R SRINIVASA | U@0746754,,47.00,112.46
05/03/2026,TRANSFER | UPI20260305000407732 | CHIDANAND R HIREMATH | U@0450211,,50.00,159.46
05/03/2026,TRANSFER | UPI20260305000112407 | Bangalore Metro Rail Corporation Lt | U@0614415,,150.00,209.46
05/03/2026,TRANSFER | UPI20260305000111296 | KRISHNEGOWDA M B | U@0513353,,46.00,359.46
05/03/2026,TRANSFER | UPI20260305000092194 | KARTHIK H N | U@0310954,,200.00,405.46
04/03/2026,TRANSFER | UPI20260304000475022 | ZOMATO | U@0361532,,254.15,205.46
04/03/2026,TRANSFER | ECS-BD-IndusindBankLoan | TIAJ13227787 | Z@ED32391,,"11,377.00",459.61
03/03/2026,TRANSFER | UPI CR For | 02-Mar-26 | U | ILME14583,,40.00,"11,836.61"
03/03/2026,TRANSFER | UPI20260303002086721 | Burger King India | U@1858468,,124.92,"11,796.61"
03/03/2026,TRANSFER | UPI20260303001916191 | Burger King | U@1838785,,145.92,"11,921.53"
03/03/2026,TRANSFER | UPI20260303001826316 | Burger King | U@2129318,,156.42,"12,067.45"
02/03/2026,TRANSFER | UPI20260302002745536 | RAJESH | U@3036111,,46.00,"12,223.87"
02/03/2026,TRANSFER | UPI20260302002738396 | CHIDANAND R HIREMATH | U@3035574,,70.00,"12,269.87"
02/03/2026,TRANSFER | UPI20260302002710069 | KARTHIK H N | U@3129212,,"20,000.00","12,339.87"
02/03/2026,TRANSFER | UPI20260302002671780 | RANJITH KUMAR | U@3124481,,50.00,"32,339.87"
02/03/2026,TRANSFER | UPI20260302002666945 | Bangalore Metro Rail Corporation Lt | U@2536620,,100.00,"32,389.87"
02/03/2026,TRANSFER | UPI20260302002307798 | RAGHAVENDRA TIFFIN | U@2180297,,60.00,"32,489.87"
01/03/2026,TRANSFER | UPI20260302001833237 | KARTHIK H N | U@2323238,,100.00,"32,549.87"
01/03/2026,TRANSFER | UPI20260302001386400 | ZOMATO | U@1371391,,143.34,"32,649.87"
01/03/2026,TRANSFER | UPI20260302001083601 | KARTHIK H N | U@1629121,,600.00,"32,793.21"
28/02/2026,TRANSFER | UPI20260302000780136 | Mr MANJUNATHA G | U@0194918,,30.00,"33,393.21"
28/02/2026,TRANSFER | UPI20260302000777615 | MANJUNATH C P | U@0297776,,90.00,"33,423.21"
28/02/2026,TRANSFER | UPI20260302000768630 | Ranganatha Gobi Centre | U@0693143,,60.00,"33,513.21"
28/02/2026,TRANSFER | UPI20260302000764409 | SUBHAS | U@0692771,,40.00,"33,573.21"
28/02/2026,TRANSFER | UPI20260302000763918 | SUBHAS | U@0394402,,40.00,"33,613.21"
28/02/2026,TRANSFER | UPI20260302000128292 | Jio Prepaid Recharges | U@0116204,,329.00,"33,653.21"
28/02/2026,TRANSFER | UPI20260302000008640 | KARTHIK H N | U@0401374,,150.00,"33,982.21"
27/02/2026,TRANSFER | UPI20260227000685862 | RAVIKUMAR B P | U@0189406,,56.00,"34,132.21"
27/02/2026,TRANSFER | UPI20260227000673070 | CHIDANAND R HIREMATH | U@0680721,,25.00,"34,188.21"
27/02/2026,TRANSFER | UPI20260227000646754 | KARTHIK H N | U@0377656,,500.00,"34,213.21"
27/02/2026,TRANSFER | UPI20260227000334004 | BARAKAH FOODS | U@0739722,,50.00,"34,713.21"
27/02/2026,TRANSFER | UPI20260227000317113 | RAGHAVENDRA TIFFIN | U@0335511,,60.00,"34,763.21"
27/02/2026,TRANSFER | UPI20260227000191976 | Sangameshwar | U@0822726,,54.00,"34,823.21"
26/02/2026,TRANSFER | UPI20260226000452705 | KANTESH LAMANI | U@0656748,,60.00,"34,877.21"
26/02/2026,TRANSFER | UPI20260226000385240 | KARTHIK H N | U@0843193,"18,000.00",,"34,937.21"
26/02/2026,TRANSFER | UPI20260226000231817 | THE AMRITH CAFE | U@0824791,,46.00,"16,937.21"
25/02/2026,TRANSFER | UPI20260225000461155 | Pramod E U | U@0457810,,60.00,"16,983.21"
25/02/2026,TRANSFER | UPI20260225000419002 | SETHURAMU S R | U@0452482,,90.00,"17,043.21"
25/02/2026,TRANSFER | UPI20260225000364948 | PRAMOD KUMAR | U@0444397,,40.00,"17,133.21"
25/02/2026,TRANSFER | UPI20260225000118647 | KARTHIK H N | U@0712187,,100.00,"17,173.21"
25/02/2026,TRANSFER | UPI20260225000116189 | YASHAVANTH M J | U@0814092,,46.00,"17,273.21"
24/02/2026,TRANSFER | UPI20260224000617130 | CRED Club | U@0176062,,"49,833.75","17,319.21"
24/02/2026,TRANSFER | UPI20260224000608476 | KARTHIK H N | U@0270722,"31,000.00",,"67,152.96"
24/02/2026,TRANSFER | UPI20260224000482772 | NABIRASUL | U@0459074,,30.00,"36,152.96"
24/02/2026,TRANSFER | UPI20260224000305726 | Burger King | U@0837415,,104.96,"36,182.96"
24/02/2026,TRANSFER | UPI20260224000226267 | Burger King | U@0428220,,131.22,"36,287.92"
24/02/2026,TRANSFER | UPI20260224000195910 | Smart Bangalore 6225 | U@0222334,,72.00,"36,419.14"
23/02/2026,TRANSFER | UPI20260223001095434 | Mrs SAMSHAD BEGUM THAVARAKUNTA | U@0936953,,50.00,"36,491.14"
23/02/2026,TRANSFER | UPI20260223001090614 | Prakash Sangappa Inamadar | U@1135815,,60.00,"36,541.14"
23/02/2026,TRANSFER | UPI20260223001084311 | Mr PARASHURAM SANGAPPA INAMDAR | U@1428175,,70.00,"36,601.14"
23/02/2026,TRANSFER | UPI20260223001081116 | KUMARNAIK C | U@1427696,,30.00,"36,671.14"
23/02/2026,TRANSFER | UPI20260223001078678 | ADVIKA ROTI CORNER | U@1427447,,45.00,"36,701.14"
23/02/2026,TRANSFER | UPI20260223001052913 | RAGHU M T | U@1032499,,100.00,"36,746.14"
23/02/2026,TRANSFER | UPI20260223001017149 | sogadu | U@0926749,,25.00,"36,846.14"
23/02/2026,TRANSFER | UPI20260223000969516 | sogadu | U@0920909,,225.00,"36,871.14"
23/02/2026,TRANSFER | UPI20260223000958678 | DAVOOD HAKEEM | U@0919191,,300.00,"37,096.14"
23/02/2026,TRANSFER | UPI20260223000920372 | KARTHIK H N | U@1409006,,100.00,"37,396.14"
23/02/2026,TRANSFER | UPI20260223000852046 | Airtel | U@0699713,,380.80,"37,496.14"
23/02/2026,TRANSFER | UPI20260223000792588 | ZOMATO LIMITED | U@0693233,,163.00,"37,876.94"
22/02/2026,TRANSFER | UPI20260223000345996 | Blinkit | U@0241566,,389.00,"38,039.94"
22/02/2026,TRANSFER | UPI20260223000062689 | ZOMATO | U@0407807,,195.72,"38,428.94"
22/02/2026,TRANSFER | UPI20260223000057576 | NABIRASUL | U@0206954,,84.00,"38,624.66"
21/02/2026,TRANSFER | UPI20260221000635221 | KARTHIK H N | U@0178481,,200.00,"38,708.66"
21/02/2026,TRANSFER | UPI20260221000429323 | ZOMATO LIMITED | U@0851492,,224.02,"38,908.66"
21/02/2026,TRANSFER | UPI20260221000066483 | ZOMATO | U@0807668,,194.60,"39,132.68"
20/02/2026,TRANSFER | UPI20260220000554598 | Ranganatha Gobi Centre | U@0265002,,60.00,"39,327.28"
20/02/2026,TRANSFER | UPI20260220000325059 | THE AMRITH CAFE | U@0739257,,130.00,"39,387.28"
19/02/2026,TRANSFER | UPI20260219000176739 | GOWDAS | U@0520867,,120.00,"39,517.28"
19/02/2026,TRANSFER | UPI20260219000078833 | KARTHIK H N | U@0408915,,300.00,"39,637.28"
18/02/2026,TRANSFER | UPI20260218000450046 | GOVINDA SETTY D | U@0652878,,30.00,"39,937.28"
18/02/2026,TRANSFER | UPI20260218000428819 | SETHURAMU S R | U@0554033,,50.00,"39,967.28"
17/02/2026,TRANSFER | UPI20260217000512456 | DEVARAJU | U@0861892,,43.00,"40,017.28"
17/02/2026,TRANSFER | UPI20260217000505789 | CHIDANAND R HIREMATH | U@0257555,,25.00,"40,060.28"
17/02/2026,TRANSFER | UPI20260217000504936 | KARTHIK H N | U@0660734,50.00,,"40,085.28"
17/02/2026,TRANSFER | SBIN326048855498 | SBINN52026021713992742 | NEFT FROM EMPLOYEE PROVIDENT FUND O | SBOI | 2026/02/17 170642 SBIN326048855498 | YIR130402,"40,000.00",,"40,035.28"
13/02/2026,TRANSFER | UPI20260213000217472 | ETERNAL LIMITED | U@0342490,,102.92,35.28
12/02/2026,TRANSFER | UPI20260212000312198 | KARTHIK H N | U@0261203,,200.00,138.20
12/02/2026,TRANSFER | UPI20260212000276998 | ZOMATO | U@0253989,,178.01,338.20
11/02/2026,TRANSFER | UPI20260211000563602 | NABIRASUL | U@1007619,,10.00,516.21
11/02/2026,TRANSFER | UPI20260211000563086 | NABIRASUL | U@0612619,,49.00,526.21
11/02/2026,TRANSFER | UPI20260211000563078 | NABIRASUL | U@0711737,,20.00,575.21
11/02/2026,TRANSFER | UPI20260211000547933 | D G NARAYANA | U@0708694,100.00,,595.21
11/02/2026,TRANSFER | UPI20260211000266961 | ETERNAL LIMITED | U@0350724,,276.25,495.21
10/02/2026,TRANSFER | UPI20260210000487160 | amazon pay groceries | U@0296801,,511.00,771.46
10/02/2026,TRANSFER | UPI20260210000440137 | ZOMATO LIMITED | U@0585435,,152.80,"1,282.46"
09/02/2026,TRANSFER | UPI20260209001256560 | Pramod E U | U@1147250,,50.00,"1,435.26"
09/02/2026,TRANSFER | UPI20260209001052379 | DUSHYANTH J | U@1206996,,188.00,"1,485.26"
09/02/2026,TRANSFER | UPI20260209001002855 | ABDUL RAHIM | U@0697110,,80.00,"1,673.26"
09/02/2026,TRANSFER | UPI20260209000957434 | JAGADEESHA H | U@0986976,,50.00,"1,753.26"
09/02/2026,TRANSFER | UPI20260209000951448 | DURGARAM | U@1086667,,5.00,"1,803.26"
08/02/2026,TRANSFER | UPI20260209000482103 | Zomatofood | U@0593800,,198.45,"1,808.26"
08/02/2026,TRANSFER | UPI CR For | 07-Feb-26 | U | R96606241,853.00,,"2,006.71"
08/02/2026,TRANSFER | UPI CR For | 07-Feb-26 | U | R96605562,853.00,,"1,153.71"
08/02/2026,TRANSFER | UPI20260209000340888 | PARAMESH | U@0565563,,10.00,300.71
08/02/2026,TRANSFER | UPI20260209000294917 | KAMALAMMA | U@0157845,,60.00,310.71
07/02/2026,TRANSFER | UPI20260207000605784 | VARSHITHA N N VARSHITHA | U@0620402,,700.00,370.71
07/02/2026,TRANSFER | UPI20260207000605211 | KARTHIK H N | U@0620304,700.00,,"1,070.71"
07/02/2026,TRANSFER | UPI20260207000596464 | VISHAL MEGA MART | U@0916837,,853.00,370.71
07/02/2026,TRANSFER | UPI20260207000595144 | VISHAL MEGA MART | U@0817484,,853.00,"1,223.71"
07/02/2026,TRANSFER | UPI20260207000333655 | ARBIYA N | U@0166483,,250.00,"2,076.71"
07/02/2026,TRANSFER | UPI20260207000283184 | ASHA SWEET CENTER | U@0354204,,90.00,"2,326.71"
07/02/2026,TRANSFER | UPI20260207000075606 | BYLAMMA EDUCATIONAL AND | U@0514931,,"8,000.00","2,416.71"
06/02/2026,TRANSFER | UPI20260206000693045 | KARTHIK H N | U@0736131,"10,000.00",,"10,416.71"
06/02/2026,TRANSFER | UPI CR For | 05-Feb-26 | U | ILME37754,110.00,,416.71
06/02/2026,TRANSFER | UPI20260206000443328 | PIZZA HUT | U@0586632,,55.00,306.71
06/02/2026,TRANSFER | UPI20260206000405462 | PIZZA HUT | U@0479338,,104.00,361.71
06/02/2026,TRANSFER | UPI20260206000290782 | UPI Credit for reference | U@0456859,100.00,,465.71
06/02/2026,TRANSFER | UPI20260206000275195 | KARTHIK H N | U@0254349,100.00,,365.71
06/02/2026,TRANSFER | UPI20260206000262805 | SR Enterprises | U@0550841,,15.00,265.71
06/02/2026,TRANSFER | UPI20260206000181085 | MARUTHI SAVANUR | U@0534531,,43.00,280.71
06/02/2026,TRANSFER | UPI20260206000095602 | Mr S N VEERABHADRAIAH | U@0319984,,20.00,323.71
05/02/2026,TRANSFER | UPI20260205000614935 | Pramod E U | U@0920008,,110.00,343.71
05/02/2026,TRANSFER | UPI20260205000252259 | PharmEasy | U@0150206,,314.14,453.71
04/02/2026,TRANSFER | UPI CR For | 03-Feb-26 | U | ILME52881,80.00,,767.85
04/02/2026,TRANSFER | ECS-BD-IndusindBankLoan | TIAJ13142295 | Z@ED16854,,"11,377.00",687.85
03/02/2026,TRANSFER | UPI20260203002001702 | VANITHA D S | U@2096712,,80.00,"12,064.85"
03/02/2026,TRANSFER | UPI20260203001911651 | Mrs RANI K | U@1682229,,45.00,"12,144.85"
03/02/2026,TRANSFER | UPI20260203001606466 | M S SWAMY | U@2018417,,63.00,"12,189.85"
03/02/2026,TRANSFER | UPI20260203001425873 | KEMPARAJU N | U@1386386,,43.00,"12,252.85"
02/02/2026,TRANSFER | UPI20260202000632379 | VANITHA D S | U@1023044,,90.00,"12,295.85"
02/02/2026,TRANSFER | UPI20260202000518833 | THE AMRITH CAFE | U@0900606,,90.00,"12,385.85"
02/02/2026,TRANSFER | UPI20260202000441556 | KARTHIK H N | U@0385761,,"22,500.00","12,475.85"
02/02/2026,TRANSFER | UPI20260202000382514 | Mrs RANI K | U@0475973,,31.00,"34,975.85"
02/02/2026,TRANSFER | UPI20260202000325079 | VASUDEVA K | U@0363530,,63.00,"35,006.85"
02/02/2026,TRANSFER | UPI20260202000253477 | Devaraju B G | U@0249895,,43.00,"35,069.85"
01/02/2026,TRANSFER | UPI20260201000763088 | KARTHIK H N | U@0950843,,100.00,"35,112.85"
01/02/2026,TRANSFER | UPI20260201000409891 | ZOMATO LIMITED | U@0378743,,236.30,"35,212.85"
01/02/2026,TRANSFER | UPI20260201000384031 | ZOMATO LIMITED | U@0274527,,166.30,"35,449.15"
01/02/2026,TRANSFER | UPI20260201000163479 | NH | U@0532143,,374.00,"35,615.45"
31/01/2026,TRANSFER | UPI20260131000353013 | NAVEEN KUMAR S V | U@0368440,,500.00,"35,989.45"
31/01/2026,TRANSFER | UPI20260131000350707 | NAVEEN KUMAR S V | U@0468567,,1.00,"36,489.45"
31/01/2026,TRANSFER | UPI20260131000235077 | RANGANATHA B S SO SOMANNA | U@0345429,,45.00,"36,490.45"
30/01/2026,TRANSFER | UPI20260130000655251 | RAM MEDICALS | U@0828563,,190.00,"36,535.45"
30/01/2026,TRANSFER | UPI20260130000648514 | SHASHANK D M | U@0727610,,10.00,"36,725.45"
30/01/2026,TRANSFER | UPI20260130000613468 | MANJUNATHA D M | U@1018084,,43.00,"36,735.45"
30/01/2026,TRANSFER | UPI20260130000521747 | KARTHIK H N | U@0801829,100.00,,"36,778.45"
30/01/2026,TAX | KA SGST @ 9.0000 % | GS2603000000165303 | CHG | R96605164,,24.75,"36,678.45"
30/01/2026,TAX | KA CGST @ 9.0000 % | GS2603000000165302 | CHG | R96605164,,24.75,"36,703.20"
30/01/2026,SVC CHG | Ach Ecs debit | INSUFFICIENT FUNDS | 4-Jan-26 | CHG | GS2603000000165301 | R96605164,,275.00,"36,727.95"
29/01/2026,TRANSFER | UPI20260129000593501 | H SANJEEVAPPA | U@1307695,,49.00,"37,002.95"
29/01/2026,TRANSFER | UPI20260129000582069 | CHIDANAND R HIREMATH | U@1105474,,25.00,"37,051.95"
29/01/2026,TRANSFER | UPI20260129000565763 | KARTHIK H N | U@1401993,,300.00,"37,076.95"
29/01/2026,TRANSFER | UPI20260129000508231 | Bangalore Metro Rail Corporation Lt | U@0701650,,100.00,"37,376.95"
29/01/2026,TRANSFER | UPI20260129000131754 | KARTHIK H N | U@0324769,,910.00,"37,476.95"
28/01/2026,TRANSFER | UPI20260128000577620 | KARTHIK H N | U@0812930,,500.00,"38,386.95"
28/01/2026,TRANSFER | UPI20260128000442196 | SIKANDAR PASHA | U@0288110,,424.00,"38,886.95"
28/01/2026,TRANSFER | UPI20260128000379351 | ETERNAL LIMITED | U@0172138,,151.70,"39,310.95"
28/01/2026,TRANSFER | UPI20260128000369563 | K A Madeen | U@0633722,,258.00,"39,462.65"
28/01/2026,TRANSFER | UPI20260128000179750 | KARTHIK H N | U@0335493,"38,500.00",,"39,720.65"
28/01/2026,TRANSFER | UPI20260128000154384 | NARASIMHARAJU S | U@0231655,,370.00,"1,220.65"
28/01/2026,TRANSFER | UPI20260128000055518 | D G NARAYANA | U@0409125,"1,000.00",,"1,590.65"
27/01/2026,TRANSFER | UPI20260127002637247 | KARTHIK H N | U@3017980,,100.00,590.65
27/01/2026,TRANSFER | UPI20260127002553570 | RAJESH | U@2903304,,56.00,690.65
27/01/2026,TRANSFER | UPI20260127002192980 | ABHILASH H S | U@2708069,,51.00,746.65
27/01/2026,TRANSFER | UPI20260127002182969 | SHASHANK D M | U@2524392,,16.00,797.65
26/01/2026,TRANSFER | UPI20260127001934349 | DURGARAM | U@2258075,,20.00,813.65
26/01/2026,TRANSFER | UPI20260127001781474 | Gangadevi G N | U@2227359,,43.00,833.65
26/01/2026,TRANSFER | UPI20260127001646374 | CRED Club | U@1926714,,"49,823.25",876.65
26/01/2026,TRANSFER | UPI20260127001556306 | KARTHIK H N | U@1808089,"5,000.00",,"50,699.90"
26/01/2026,TRANSFER | UPI20260127001549656 | KARTHIK H N | U@1907357,"5,000.00",,"45,699.90"
25/01/2026,TRANSFER | UPI20260127001110112 | KARTHIK H N | U@1321326,,50.00,"40,699.90"
24/01/2026,TRANSFER | UPI20260127000126036 | KARTHIK H N | U@0523353,,500.00,"40,749.90"
22/01/2026,TRANSFER | UPI20260122000485802 | Bhagyamma V G | U@0195686,278.00,,"41,249.90"
22/01/2026,TRANSFER | UPI20260122000480928 | ZOMATO | U@0493797,,277.25,"40,971.90"
21/01/2026,TRANSFER | UPI20260121000587110 | Hemanth Kumar B M | U@0616883,,43.00,"41,249.15"
21/01/2026,TRANSFER | UPI20260121000582112 | CHIDANAND R HIREMATH | U@0813396,,80.00,"41,292.15"
21/01/2026,TRANSFER | UPI20260121000564442 | KARTHIK H N | U@0612261,,400.00,"41,372.15"
21/01/2026,TRANSFER | UPI20260121000541183 | Bangalore Metro Rail Corporation Lt | U@1004976,,100.00,"41,772.15"
21/01/2026,TRANSFER | UPI20260121000512952 | Mrs RANI K | U@0700314,,15.00,"41,872.15"
21/01/2026,TRANSFER | UPI20260121000409311 | KARTHIK H N | U@0579832,,40.00,"41,887.15"
20/01/2026,TRANSFER | UPI20260120000458892 | Pramod E U | U@0488181,,35.00,"41,927.15"
20/01/2026,TRANSFER | UPI20260120000428213 | Mr KRISHNA PRASAD | U@0182415,,40.00,"41,962.15"
20/01/2026,TRANSFER | UPI20260120000421134 | NARENDRA BABU L | U@0383718,,"1,400.00","42,002.15"
20/01/2026,TRANSFER | UPI20260120000419703 | D G NARAYANA | U@0581698,"1,400.00",,"43,402.15"
20/01/2026,TRANSFER | UPI20260120000416242 | BHARATH KUMAR M | U@0479962,,74.00,"42,002.15"
20/01/2026,TRANSFER | UPI20260120000409895 | KARTHIK H N | U@0478789,,400.00,"42,076.15"
20/01/2026,TRANSFER | UPI20260120000347580 | Airtel | U@0466924,,300.80,"42,476.15"
19/01/2026,TRANSFER | UPI20260119000823879 | KARTHIK H N | U@0958904,,200.00,"42,776.95"
18/01/2026,TRANSFER | UPI20260119000510399 | KARTHIK H N | U@0801359,,700.00,"42,976.95"
18/01/2026,TRANSFER | UPI20260119000477801 | RAJAMURTHY RANGAPA | U@0395028,,100.00,"43,676.95"
18/01/2026,TRANSFER | UPI20260119000245265 | KARTHIK H N | U@0445248,,500.00,"43,776.95"
18/01/2026,TRANSFER | UPI20260119000214587 | MIAMI SUPERMARKET | U@0141445,,716.00,"44,276.95"
17/01/2026,TRANSFER | UPI20260117000631033 | KARTHIK H N | U@0823324,,300.00,"44,992.95"
17/01/2026,TRANSFER | UPI20260117000470558 | D G NARAYANA | U@0189904,"1,264.00",,"45,292.95"
17/01/2026,TRANSFER | UPI20260117000312575 | ZOMATO LIMITED | U@0158827,,165.25,"44,028.95"
16/01/2026,TRANSFER | UPI20260116000446239 | ANUPALLAVI C S | U@0589831,,200.00,"44,194.20"
16/01/2026,TRANSFER | UPI20260116000398222 | Pramod E U | U@0580544,,100.00,"44,394.20"
16/01/2026,TRANSFER | UPI20260116000376445 | Ashwini J M | U@0471399,,140.00,"44,494.20"
16/01/2026,TRANSFER | UPI20260116000373506 | HALESH R | U@0174166,,50.00,"44,634.20"
16/01/2026,TRANSFER | UPI20260116000368997 | PAVANICECREAMS | U@0270621,,60.00,"44,684.20"
16/01/2026,TRANSFER | UPI20260116000281861 | RAGHAVENDRA TIFFIN | U@0557165,,35.00,"44,744.20"
16/01/2026,TRANSFER | UPI20260116000080592 | Blinkit | U@0414879,,358.00,"44,779.20"
15/01/2026,TRANSFER | UPI20260115000039025 | Shaneshwra Store | U@0407610,,5.00,"45,137.20"
14/01/2026,TRANSFER | UPI20260114000253982 | KARTHIK H N | U@0249085,104.00,,"45,142.20"
14/01/2026,TRANSFER | UPI20260114000253963 | Burger King | U@0549017,,104.96,"45,038.20"
14/01/2026,TRANSFER | UPI20260114000064194 | KARTHIK H N | U@0212537,"45,000.00",,"45,143.16"
13/01/2026,TRANSFER | UPI20260113000622018 | VARSHITHA N N VARSHITHA | U@1020664,,37.00,143.16
13/01/2026,TRANSFER | UPI20260113000549874 | ASHA L | U@0609191,,60.00,106.16
13/01/2026,TRANSFER | UPI20260113000546556 | KIRANAKUMAR A VADAKANNAVAR | U@0608437,,43.00,166.16
13/01/2026,TRANSFER | UPI20260113000463095 | KARTHIK H N | U@0290516,,100.00,209.16
12/01/2026,TRANSFER | UPI20260112001571847 | MR RAVINAIKA | U@1853704,,50.00,109.16
10/01/2026,TRANSFER | UPI20260112000178698 | KARTHIK H N | U@0534845,,100.00,159.16
10/01/2026,TRANSFER | UPI20260112000140630 | IndusInd Bank Limited | U@0128360,,531.00,259.16
09/01/2026,TRANSFER | UPI20260109000207664 | GOVINDA SETTY D | U@0341552,,14.00,790.16
09/01/2026,TRANSFER | UPI20260109000188587 | CHARLES C A | U@0137829,,"1,200.00",804.16
09/01/2026,TRANSFER | UPI20260109000186129 | KARTHIK H N | U@0235749,"1,194.00",,"2,004.16"
09/01/2026,TRANSFER | UPI20260109000117483 | KARTHIK H N | U@0421219,100.00,,810.16
08/01/2026,TRANSFER | ECS-BD-IndusindBankLoan | TIAJ13058047 | Z@ED66989,,"11,377.00",710.16
07/01/2026,TRANSFER | UPI20260107000066351 | D G NARAYANA | U@0412563,500.00,,"12,087.16"
04/01/2026,TRANSFER | ACH DR RETN | BALANCE INSUFFICIENT | U | R96611203,"11,377.00",,"11,587.16"
04/01/2026,TRANSFER | UPI20260105000347985 | VARSHITHA N N VARSHITHA | U@0567259,"1,000.00",,210.16
04/01/2026,TRANSFER | ECS-BD-IndusindBankLoan | TIAJ12996978 | Z@ED98702,,"11,377.00",789.84
03/01/2026,TRANSFER | UPI20260103002246889 | KARTHIK H N | U@2523790,"10,000.00",,"10,587.16"
01/01/2026,INTEREST | CREDIT INTEREST | FROM OCT25 TO DEC25 | ZDD400138,,19.51,587.16
28/12/2025,TRANSFER | UPI20251229000750891 | D G NARAYANA | U@0745608,,50.00,567.65
25/12/2025,TRANSFER | UPI20251226000574879 | KARTHIK H N | U@1011537,500.00,,517.65
21/12/2025,TRANSFER | UPI20251222000583982 | SUBHAS | U@1012685,,60.00,17.65
21/12/2025,TRANSFER | UPI20251222000581764 | KARTHIK H N | U@0714702,50.00,,77.65
21/12/2025,TRANSFER | UPI20251222000208377 | PREMA KUMAR S K | U@0439958,,200.00,27.65
20/12/2025,TRANSFER | UPI20251220000689697 | KARTHIK H N | U@0932908,200.00,,227.65
14/12/2025,TRANSFER | UPI20251215000782837 | ZOMATO LIMITED | U@0753967,,150.15,27.65
14/12/2025,TRANSFER | UPI20251215000782561 | VARSHITHA N N VARSHITHA | U@0853009,,4.00,177.80
13/12/2025,TRANSFER | UPI20251215000676289 | KARTHIK H N | U@0833750,,50.00,173.80
13/12/2025,TRANSFER | UPI20251215000641074 | KARTHIK H N | U@1025476,,300.00,123.80
13/12/2025,TRANSFER | UPI20251215000637697 | VINOD M K | U@0925608,,40.00,423.80
13/12/2025,TRANSFER | UPI20251215000634378 | VAKIL | U@0924972,,40.00,463.80
13/12/2025,TRANSFER | UPI20251215000129799 | KARTHIK H N | U@0525277,,80.00,503.80
13/12/2025,TRANSFER | UPI20251215000076416 | SREEKANTH G N | U@0314958,,68.00,583.80
11/12/2025,TRANSFER | UPI20251211000502576 | NABIRASUL | U@0399375,,40.00,651.80
10/12/2025,TRANSFER | UPI20251210000603694 | P Sanjay | U@0719716,,154.00,691.80
10/12/2025,TRANSFER | UPI20251210000480883 | Ashkar C | U@0193756,,155.00,845.80
10/12/2025,TRANSFER | UPI20251210000158836 | VARSHITHA N N VARSHITHA | U@0531223,,"20,000.00","1,000.80"
09/12/2025,TRANSFER | UPI20251209000141316 | KARTHIK H N | U@0325427,"21,000.00",,"21,000.80"
07/12/2025,TRANSFER | UPI20251208000042089 | NABIRASUL | U@0508082,,20.00,0.80
06/12/2025,TRANSFER | UPI20251206000410455 | CRED Club | U@0380300,,"25,687.00",20.80
06/12/2025,TRANSFER | UPI20251206000398416 | KARTHIK H N | U@0176014,350.00,,"25,707.80"
06/12/2025,TRANSFER | UPI20251206000277543 | PRASANNA KUMAR N | U@0554291,,94.00,"25,357.80"
06/12/2025,TRANSFER | UPI20251206000238948 | NEW AGARWAL BHAVAN DASANPURA | U@0346714,,198.00,"25,451.80"
06/12/2025,TRANSFER | UPI20251206000173887 | KEERTHIRAJ V K | U@0334070,,78.00,"25,649.80"
06/12/2025,TRANSFER | UPI20251206000152165 | KARTHIK H N | U@0231137,"25,700.00",,"25,727.80"
05/12/2025,TRANSFER | UPI20251205000538162 | KARTHIK H N | U@0904908,,11.00,27.80
04/12/2025,TRANSFER | ECS-BD-IndusindBankLoan | TIAJ12908665 | Z@ED88389,,"11,377.00",38.80
03/12/2025,TRANSFER | UPI20251203001825873 | ZOMATO | U@2062593,,230.00,"11,415.80"
03/12/2025,TRANSFER | UPI20251203001745452 | KARTHIK H N | U@2046689,,30.00,"11,645.80"
03/12/2025,TRANSFER | UPI20251203001701180 | ANUSUYA | U@1639171,,48.00,"11,675.80"
03/12/2025,TRANSFER | UPI20251203001692803 | CHIDANAND R HIREMATH | U@1737602,,35.00,"11,723.80"
03/12/2025,TRANSFER | UPI20251203001536351 | Bangalore Metro Rail Corporation Lt | U@2005032,,100.00,"11,758.80"
03/12/2025,TRANSFER | UPI20251203001476234 | THE AMRITH CAFE | U@1593146,,155.00,"11,858.80"
03/12/2025,TRANSFER | UPI20251203001339650 | KARTHIK H N | U@1267056,,"2,500.00","12,013.80"
03/12/2025,TRANSFER | UPI20251203001148838 | DHRUVENDRA KUMAR V | U@1129352,,179.00,"9,513.80"
02/12/2025,TRANSFER | UPI20251202000457041 | ZOMATO | U@0291108,,187.20,"9,692.80"
02/12/2025,TRANSFER | UPI20251202000211444 | KARTHIK H N | U@0141731,,"7,500.00","9,880.00"
02/12/2025,TRANSFER | UPI20251202000173233 | KARTHIK H N | U@0433741,,500.00,"17,380.00"
01/12/2025,TRANSFER | UPI20251201001470745 | Jagdeesh Kumar | U@1389421,,40.00,"17,880.00"
01/12/2025,TRANSFER | UPI20251201001258130 | JAYARAM T L | U@1346690,,51.00,"17,920.00"
01/12/2025,TRANSFER | UPI20251201001224610 | ANTARASTRIYA | U@1539273,,70.00,"17,971.00"
01/12/2025,TRANSFER | UPI20251201001167045 | VIJAYA B M | U@1527737,,190.00,"18,041.00"
01/12/2025,TRANSFER | UPI20251201001162103 | MOHAMMAD ZEESHAN | U@1228996,,100.00,"18,231.00"
01/12/2025,TRANSFER | UPI20251201001149383 | KARTHIK H N | U@1325738,,50.00,"18,331.00"
01/12/2025,TRANSFER | UPI20251201001086446 | PharmEasy | U@1413613,,"1,180.79","18,381.00"
30/11/2025,TRANSFER | UPI20251201000773697 | KARTHIK H N | U@0952914,,20.00,"19,561.79"
30/11/2025,TRANSFER | UPI20251201000659428 | KARTHIK H N | U@1028596,,220.00,"19,581.79"
30/11/2025,TRANSFER | UPI20251201000459180 | Jio | U@0491673,,902.00,"19,801.79"
30/11/2025,TRANSFER | UPI20251201000230605 | KARTHIK H N | U@0345082,,"7,500.00","20,703.79"
30/11/2025,TRANSFER | UPI20251201000191914 | KARTHIK H N | U@0537848,"6,000.00",,"28,203.79"
29/11/2025,TRANSFER | UPI20251129000558307 | Eternal LTD | U@0809893,,247.20,"22,203.79"
28/11/2025,TRANSFER | UPI20251128000758546 | KARTHIK H N | U@0750370,,500.00,"22,450.99"
28/11/2025,TRANSFER | UPI20251128000758201 | KARTHIK H N | U@0650131,,120.00,"22,950.99"
28/11/2025,TRANSFER | UPI20251128000641699 | KARTHIK H N | U@0727108,"23,000.00",,"23,070.99"
25/11/2025,TRANSFER | UPI20251125000394221 | NABIRASUL | U@0376429,,40.00,70.99
25/11/2025,TRANSFER | UPI20251125000392884 | MANGAL SINGH | U@0611748,,40.00,110.99
25/11/2025,TRANSFER | UPI20251125000391240 | MANJUNATH C P | U@0277379,,80.00,150.99
25/11/2025,TRANSFER | UPI20251125000380040 | KARTHIK H N | U@0573687,,500.00,230.99
24/11/2025,TRANSFER | UPI20251124001810396 | VARSHITHA N | U@2051452,200.00,,730.99
24/11/2025,TRANSFER | UPI20251124001717805 | BMTC BUS KA53F0289 | U@2032834,,28.00,530.99
24/11/2025,TRANSFER | UPI20251124001689115 | ANTARASTRIYA | U@2208501,,40.00,558.99
24/11/2025,TRANSFER | UPI20251124001666543 | VARSHITHA N | U@2104741,,50.00,598.99
24/11/2025,TRANSFER | UPI20251124001666404 | VINAYAK DEVADIGA | U@1827130,,120.00,548.99
24/11/2025,TRANSFER | UPI20251124001639202 | KV PRASANNA ENTERPRISES | U@1921426,,80.00,668.99
24/11/2025,TRANSFER | UPI20251124001634876 | Clean_Slate_Cafe | U@1698718,,209.00,748.99
24/11/2025,TRANSFER | UPI20251124001550782 | KARTHIK H N | U@1804823,,50.00,957.99
24/11/2025,TRANSFER | UPI20251124001537333 | BMTC BUS KA57F4599 | U@1901126,,24.00,"1,007.99"
23/11/2025,TRANSFER | UPI20251124001295863 | CRED Club | U@1355309,,"19,858.43","1,031.99"
23/11/2025,TRANSFER | UPI20251124001295660 | VARSHITHA N N VARSHITHA | U@1455407,"20,000.00",,"20,890.42"
23/11/2025,TRANSFER | UPI20251124001149310 | CRED Club | U@1701995,,"30,000.00",890.42
23/11/2025,TRANSFER | UPI20251124000800724 | GOKUL PRASHANTH P | U@1055498,,110.00,"30,890.42"
21/11/2025,TRANSFER | UPI20251121000099463 | KARTHIK H N | U@0119006,,"1,000.00","31,000.42"
20/11/2025,TRANSFER | UPI20251120000296819 | KARTHIK H N | U@0257872,,500.00,"32,000.42"
20/11/2025,TRANSFER | UPI20251120000063211 | KARTHIK H N | U@0111152,"32,500.00",,"32,500.42"
17/11/2025,TRANSFER | UPI20251117000981694 | S D PUSHPALATHA | U@1089641,,100.00,0.42
17/11/2025,TRANSFER | UPI20251117000980573 | VARSHITHA N N VARSHITHA | U@0790332,,7.00,100.42
17/11/2025,TRANSFER | UPI20251117000897123 | KARTHIK H N | U@1141898,,50.00,93.42
16/11/2025,TRANSFER | UPI20251117000677075 | KARTHIK H N | U@1030341,,50.00,43.42
16/11/2025,TRANSFER | UPI20251117000091925 | KARTHIK H N | U@0517789,,50.00,93.42
16/11/2025,TRANSFER | UPI20251117000024178 | NABIRASUL | U@0504555,,75.00,143.42
15/11/2025,TRANSFER | UPI20251115000130032 | VARSHITHA N | U@0524996,200.00,,218.42
13/11/2025,TRANSFER | UPI20251113000338739 | Nagarathna H K | U@0630075,,50.00,18.42
13/11/2025,TRANSFER | UPI20251113000328425 | Murugan S K | U@0165591,,50.00,68.42
13/11/2025,TRANSFER | UPI20251113000307233 | SRI GURU RAGHAVENDRA | U@0624190,,100.00,118.42
13/11/2025,TRANSFER | UPI20251113000280944 | Niranjan Gowda V D | U@0618824,,126.00,218.42
13/11/2025,TRANSFER | UPI20251113000274712 | KARTHIK H N | U@0353393,300.00,,344.42
12/11/2025,TRANSFER | UPI20251112000636822 | S D PUSHPALATHA | U@0627464,,"7,000.00",44.42
12/11/2025,TRANSFER | UPI20251112000635378 | VARSHITHA N N VARSHITHA | U@0825207,"7,000.00",,"7,044.42"
10/11/2025,TRANSFER | UPI20251110001958437 | Burger King | U@1886315,,146.96,44.42
10/11/2025,TRANSFER | UPI20251110001957527 | KARTHIK H N | U@2083454,100.00,,191.38
10/11/2025,TRANSFER | UPI20251110001910966 | Burger King | U@1675804,,83.96,91.38
10/11/2025,TRANSFER | UPI20251110001891968 | Burger King | U@2070223,,83.96,175.34
10/11/2025,TRANSFER | UPI20251110001891552 | KARTHIK H N | U@1672091,200.00,,259.30
09/11/2025,TRANSFER | UPI20251110000851029 | Blinkit | U@0767312,,230.00,59.30
09/11/2025,TRANSFER | UPI20251110000822989 | VARSHITHA N N VARSHITHA | U@0962293,,10.00,289.30
09/11/2025,TRANSFER REVERSAL | UPI20251110000822951 | VARSHITHA N N VARSHITHA | null/null | NA | U@0861907,,10.00,299.30
09/11/2025,TRANSFER | UPI20251110000822915 | VARSHITHA N N VARSHITHA | U@0761644,,10.00,289.30
09/11/2025,TRANSFER | UPI20251110000822023 | VARSHITHA N N VARSHITHA | U@1060453,264.00,,299.30
08/11/2025,TRANSFER | UPI20251110000620362 | MUDASIR PASHA | U@1021441,,127.00,35.30
08/11/2025,TRANSFER | UPI20251110000580428 | VARSHITHA N N VARSHITHA | U@0914208,,69.00,162.30
07/11/2025,TRANSFER | UPI20251107000493288 | Pradeep Kumar Sonkar | U@0196998,,40.00,93.30
06/11/2025,TRANSFER | UPI20251106000548322 | Jagdeesh Kumar | U@1006741,,20.00,133.30
06/11/2025,TRANSFER | UPI20251106000542622 | SRIDHAR HOLLA K N | U@1005601,,30.00,153.30
06/11/2025,TRANSFER | UPI20251106000435412 | SUNIL D | U@0485373,,40.00,183.30
06/11/2025,TRANSFER | UPI20251106000390109 | S D PUSHPALATHA | U@0376002,,"1,800.00",223.30
06/11/2025,TRANSFER | UPI20251106000389573 | VARSHITHA N N VARSHITHA | U@0476332,"2,000.00",,"2,023.30"
05/11/2025,TRANSFER | UPI20251105000695444 | Jagdeesh Kumar | U@0937697,,20.00,23.30
05/11/2025,TRANSFER | UPI20251105000687358 | Bhagyamma V G | U@1033126,,100.00,43.30
05/11/2025,TRANSFER | UPI20251105000323705 | SUBRAMANYA G S O GANESHAPPA | U@0163583,,870.00,143.30
05/11/2025,TRANSFER | UPI20251105000322776 | Bhagyamma V G | U@0464070,"1,000.00",,"1,013.30"
04/11/2025,TRANSFER | UPI20251104000678573 | Jagdeesh Kumar | U@0678051,,20.00,13.30
04/11/2025,TRANSFER | ECS-BD-IndusindBankLoan | TIAJ12804479 | Z@ED76607,,"11,377.00",33.30
03/11/2025,TRANSFER | UPI20251103002859553 | Jagdeesh Kumar | U@3166052,,20.00,"11,410.30"
03/11/2025,TRANSFER | UPI20251103002570457 | SACHIN | U@2811451,,60.00,"11,430.30"
03/11/2025,TRANSFER | UPI20251103002560367 | VARSHITHA N N VARSHITHA | U@2809497,299.00,,"11,490.30"
03/11/2025,TRANSFER | UPI20251103002556771 | Dreamplug Service Private Limited | U@2907751,,299.00,"11,191.30"
03/11/2025,TRANSFER | UPI20251103002102932 | VARSHITHA N N VARSHITHA | U@2415916,,200.00,"11,490.30"
02/11/2025,TRANSFER | UPI20251103000833022 | S D PUSHPALATHA | U@1129650,,"1,800.00","11,290.30"
02/11/2025,TRANSFER | UPI20251103000824629 | VARSHITHA N N VARSHITHA | U@0962213,,"9,478.65","9,490.30"
29/10/2025,TRANSFER | UPI20251029000484574 | SRIDHAR HOLLA K N | U@0494580,,30.00,11.65
29/10/2025,TRANSFER | UPI20251029000238565 | Mr MOULALI | U@0145833,,63.00,41.65
29/10/2025,TRANSFER | UPI20251029000236274 | RAVICHANDRA U | U@0145435,100.00,,104.65
28/10/2025,TRANSFER | UPI20251028000487314 | SRIDHAR HOLLA K N | U@0295568,,50.00,4.65
28/10/2025,TRANSFER | UPI20251028000482830 | Mr RAJANAIK | U@0194119,,40.00,54.65
27/10/2025,TRANSFER | UPI20251027001823012 | SHANID PAZHUKKATH VA | U@1756796,,120.00,94.65
27/10/2025,TRANSFER | UPI20251027001812480 | Anil Sonakar | U@1954249,,20.00,214.65
26/10/2025,TRANSFER | UPI20251027000734450 | Jayalakshmi | U@0941742,,35.00,234.65
26/10/2025,TRANSFER | UPI20251027000733400 | NABIRASUL | U@0941499,,48.00,269.65
25/10/2025,TRANSFER | UPI20251027000624036 | ZOMATO | U@1020691,,233.15,317.65
25/10/2025,TRANSFER | UPI20251027000580729 | KARTHIK H N | U@0616499,,"12,000.00",550.80
25/10/2025,TRANSFER | UPI20251027000396825 | ETERNAL LIMITED | U@0176128,,403.20,"12,550.80"
25/10/2025,TRANSFER | UPI20251027000288830 | KARTHIK H N | U@0457770,,"1,000.00","12,954.00"
25/10/2025,TRANSFER | UPI20251027000252823 | M RAMYA | U@0249429,,94.00,"13,954.00"
25/10/2025,TRANSFER | UPI20251027000242505 | KARTHIK H N | U@0247391,"14,000.00",,"14,048.00"
25/10/2025,TRANSFER | UPI20251027000174404 | NAGARAJA D M | U@0234003,,87.00,48.00
25/10/2025,TRANSFER | UPI20251027000140199 | RAJU H G | U@0125572,,65.00,135.00
25/10/2025,TRANSFER | UPI20251027000139841 | KARTHIK H N | U@0527424,200.00,,200.00
24/10/2025,TRANSFER | UPI20251024000549287 | VARSHITHA N N VARSHITHA | U@1006338,,90.70,0.00
24/10/2025,TRANSFER | UPI20251024000495620 | Raghunatha H | U@0497210,,60.00,90.70
22/10/2025,TRANSFER | UPI20251022000084924 | JAGADEESHA H | U@0115684,,10.00,150.70
22/10/2025,TRANSFER | UPI20251022000039783 | NAVAAZ | U@0207755,,40.00,160.70
21/10/2025,TRANSFER | UPI20251021000068529 | D G NARAYANA | U@0112876,200.00,,200.70
19/10/2025,TRANSFER | UPI20251020000664261 | VARSHITHA N N VARSHITHA | U@1028845,,107.00,0.70
19/10/2025,TRANSFER | UPI20251020000323898 | VARSHITHA N N VARSHITHA | U@0264241,,46.00,107.70
17/10/2025,TRANSFER | UPI20251017000668966 | RAMESH | U@0931122,,20.00,61.70
17/10/2025,TRANSFER | UPI20251017000582162 | SHANID PAZHUKKATH VA | U@1014130,,125.00,81.70
17/10/2025,TRANSFER | UPI20251017000579278 | Anil Sonakar | U@0913386,,40.00,206.70
17/10/2025,TRANSFER | UPI20251017000390771 | N MANJUNATHA | U@0176100,225.00,,246.70
13/10/2025,TRANSFER | UPI20251013001833639 | SANMAN RESTAURANT | U@2056993,,40.00,21.70
13/10/2025,TRANSFER | UPI20251013001825614 | DHRUVAKUMAR DESAI | U@1758960,,300.00,61.70
13/10/2025,TRANSFER | UPI20251013001750078 | KARTHIK H N | U@1648048,,50.00,361.70
13/10/2025,TRANSFER | UPI20251013001693415 | LAKKEGOWDA | U@1832599,,89.00,411.70
13/10/2025,TRANSFER | UPI20251013001681109 | RAVICHANDRA U | U@1830007,500.00,,500.70
11/10/2025,TRANSFER | UPI20251013000650833 | SHANKAR | U@0628303,,275.00,0.70
11/10/2025,TRANSFER | UPI20251013000593670 | KARTHIK H N | U@0616948,250.00,,275.70
11/10/2025,TRANSFER | UPI20251013000541061 | Anil Sonakar | U@0905990,,60.00,25.70
11/10/2025,TRANSFER | UPI20251013000340370 | SVELU | U@0366366,,50.00,85.70
11/10/2025,TRANSFER | UPI20251013000338146 | KARTHIK H N | U@0465843,100.00,,135.70
11/10/2025,TRANSFER | UPI20251013000173523 | MALLIKARJUN | U@0233666,,266.00,35.70
11/10/2025,TRANSFER | UPI20251013000156599 | S D PUSHPALATHA | U@0430161,300.00,,301.70
09/10/2025,TRANSFER | UPI20251009000590721 | MEGHA B | U@0616959,,70.00,1.70
06/10/2025,TRANSFER | UPI20251006001211053 | RajeshS | U@1140130,,50.00,71.70
06/10/2025,TRANSFER | UPI20251006001209110 | Syed Aziz Fruit Stall SYED AJIT BAR | U@1437511,,150.00,121.70
06/10/2025,TRANSFER | UPI20251006001059249 | Jio | U@1508065,,350.80,271.70
06/10/2025,TRANSFER | UPI20251006001058777 | VARSHITHA N N VARSHITHA | U@1507957,,592.00,622.50
05/10/2025,TRANSFER | UPI20251006000216034 | AMRUTHA LAKSHMI S A | U@0341958,,209.00,30.50
05/10/2025,TRANSFER | UPI20251006000117458 | Amazon Pay on Delivery | U@0123084,,580.00,239.50
05/10/2025,TRANSFER | UPI20251006000033926 | NABIRASUL | U@0206572,,10.00,819.50
05/10/2025,TRANSFER | UPI20251006000033779 | NABIRASUL | U@0106565,,30.00,829.50
04/10/2025,TRANSFER | UPI20251004000462279 | D G NARAYANA | U@0590605,600.00,,859.50
04/10/2025,TRANSFER | ECS-BD-IndusindBankLoan | TIAJ12644840 | Z@ED63719,,"11,377.00",259.50
03/10/2025,TRANSFER | UPI20251003002734332 | Pradeep Kumar Sonkar | U@3039361,,40.00,"11,636.50"
03/10/2025,TRANSFER | UPI20251003002524904 | SAGAR | U@2900875,,301.00,"11,676.50"
02/10/2025,TRANSFER | UPI20251003000751229 | KARTHIK H N | U@1202985,,"22,500.00","11,977.50"
01/10/2025,INTEREST | CREDIT INTEREST | FROM JUL25 TO SEP25 | ZDD400009,,20.55,"34,477.50"
01/10/2025,TRANSFER | UPI20251001000721706 | KARTHIK H N | U@0686863,"20,500.00",,"34,456.95"
01/10/2025,TRANSFER | UPI20251001000720779 | KARTHIK H N | U@0778932,"2,000.00",,"13,956.95"
01/10/2025,TRANSFER | UPI20251001000453442 | ETERNAL LIMITED | U@0633943,,298.95,"11,956.95"
30/09/2025,TRANSFER | UPI20250930000673095 | SMARTSHIFT LOGISTICS SOLUTIONS PRIV | U@0733490,,278.00,"12,255.90"
30/09/2025,TRANSFER | UPI20250930000672595 | D G NARAYANA | U@0733391,,300.00,"12,533.90"
30/09/2025,TRANSFER | UPI20250930000378296 | ZOMATO | U@0575254,,186.50,"12,233.90"
30/09/2025,TRANSFER | UPI20250930000302937 | BMTC BUS KA57F3694 | U@0260547,,24.00,"12,420.40"
30/09/2025,TRANSFER | UPI20250930000279649 | BMTC BUS KA51AK4249 | U@0153868,,12.00,"12,444.40"
30/09/2025,TRANSFER | UPI20250930000276216 | VARSHITHA N N VARSHITHA | U@0452184,"11,000.00",,"12,456.40"
30/09/2025,TRANSFER | UPI20250930000185239 | Mr LOKESH NAIK L | U@0135442,,278.00,"1,456.40"
30/09/2025,TRANSFER | UPI20250930000118988 | Mr MANJUNATHA G | U@0122243,,11.00,"1,734.40"
30/09/2025,TRANSFER | UPI20250930000117638 | Jayalakshmi | U@0421238,,15.00,"1,745.40"
29/09/2025,TRANSFER | UPI20250929001990844 | S D PUSHPALATHA | U@2166255,,"2,000.00","1,760.40"
29/09/2025,TRANSFER | UPI20250929001850288 | KARTHIK H N | U@1960536,"2,000.00",,"3,760.40"
29/09/2025,TRANSFER | UPI20250929001552854 | VIKRAM | U@1775662,,191.00,"1,760.40"
29/09/2025,TRANSFER | UPI20250929001512224 | NAVEENA | U@1767740,,97.00,"1,951.40"
28/09/2025,TRANSFER | UPI20250929001252653 | KARTHIK H N | U@1543309,,150.00,"2,048.40"
27/09/2025,TRANSFER | UPI20250929000453684 | PREMA KUMAR S K | U@0390250,"2,000.00",,"2,198.40"
27/09/2025,TRANSFER | UPI20250929000414963 | BMTC BUS KA57F4649 | U@0653725,,12.00,198.40
27/09/2025,TRANSFER | UPI20250929000400787 | KARTHIK H N | U@0650956,,"1,800.00",210.40
27/09/2025,TRANSFER | UPI20250929000398098 | S D PUSHPALATHA | U@0378831,"2,000.00",,"2,010.40"
27/09/2025,TRANSFER | UPI20250929000233701 | RAHUL PARMESH LAMDAD | U@0245637,,50.00,10.40
27/09/2025,TRANSFER | UPI20250929000218906 | Anil Sonakar | U@0242654,,40.00,60.40
27/09/2025,TRANSFER | UPI20250929000162817 | SULTAN | U@0231491,,297.00,100.40
26/09/2025,TRANSFER | UPI20250926000599208 | Gangadevi G N | U@0717485,,102.00,397.40
26/09/2025,TRANSFER | UPI20250926000462892 | N R SHIVAKUMAR | U@0389725,,50.00,499.40
26/09/2025,TRANSFER | UPI20250926000269054 | MAHESHKUMAR R | U@0452994,,293.00,549.40
26/09/2025,TRANSFER | UPI20250926000165812 | MANU M G | U@0432711,,278.00,842.40
26/09/2025,TRANSFER | UPI20250926000129083 | S D PUSHPALATHA | U@0425086,"1,000.00",,"1,120.40"
25/09/2025,TRANSFER | UPI20250925000414060 | S D PUSHPALATHA | U@0580333,120.00,,120.40
25/09/2025,TRANSFER | UPI20250925000221944 | VARSHITHA N N VARSHITHA | U@0142027,,44.00,0.40
25/09/2025,TRANSFER | UPI20250925000133689 | D JAGADISH | U@0324232,,49.00,44.40
25/09/2025,TRANSFER | UPI20250925000132141 | Bangalore Metro Rail Corporation Lt | U@0226472,,50.00,93.40
23/09/2025,TRANSFER | UPI20250923000463334 | SARASWATHI | U@0587170,,50.00,143.40
23/09/2025,TRANSFER | UPI20250923000147280 | M LATHA | U@0526232,,308.00,193.40
23/09/2025,TRANSFER | UPI20250923000126171 | Bhagyamma V G | U@0424789,,500.00,501.40
18/09/2025,TRANSFER | UPI20250918000292056 | SANMAN RESTAURANT | U@0456473,,45.00,1.40
15/09/2025,TRANSFER | UPI20250915001520232 | UPI Credit adjustment for reference | U@1496992,,34.20,46.40
14/09/2025,TRANSFER | UPI20250915000672221 | Poornima | U@0633307,,100.00,12.20
14/09/2025,TRANSFER | UPI20250915000669932 | NABIRASUL | U@0730136,,78.00,112.20
13/09/2025,TRANSFER | UPI20250915000248452 | VARSHITHA N N VARSHITHA | U@0348101,,69.00,190.20
12/09/2025,TRANSFER | UPI20250912000105358 | AXELIA SOLUTIONS PRIVATE LIMITED | U@0421678,,"1,049.84",121.20
12/09/2025,TRANSFER | UPI20250912000105048 | Bhagyamma V G | U@0520792,,"1,050.00","1,171.04"
11/09/2025,TRANSFER | UPI20250911000310390 | ZOMATO | U@0562456,,160.70,121.04
10/09/2025,TRANSFER | UPI20250910000535764 | Bhagyamma V G | U@0707323,,260.00,281.74
10/09/2025,TRANSFER | UPI20250910000354686 | Zomato private Limited | U@0371106,,258.56,21.74
10/09/2025,TRANSFER | UPI20250910000098088 | VARSHITHA N N VARSHITHA | U@0119221,265.00,,280.30
09/09/2025,TRANSFER | UPI20250909000316979 | Prashantha N | U@0261293,,30.00,15.30
09/09/2025,TRANSFER | UPI20250909000158382 | YOGESHA | U@0329914,,10.00,45.30
08/09/2025,TRANSFER | UPI20250908001221222 | RAJESH | U@1141855,,56.00,55.30
08/09/2025,TRANSFER | UPI20250908001144325 | Burger King | U@1325384,,118.62,111.30
08/09/2025,TRANSFER | UPI20250908000897368 | NATARAJA S | U@0777332,,56.00,229.92
08/09/2025,TRANSFER | UPI20250908000864910 | PAYTM RECHARGES | U@0770792,,350.80,285.92
08/09/2025,TRANSFER | UPI20250908000862798 | Dreamplug Service Private Limited | U@0770460,,883.82,636.72
06/09/2025,TRANSFER | UPI20250906000420116 | ZOMATO | U@0183351,,173.00,"1,520.54"
06/09/2025,TRANSFER | UPI20250906000405229 | ASHOKA MM | U@0658403,,93.00,"1,693.54"
06/09/2025,TRANSFER | UPI20250906000404379 | RATNAMMA | U@0379850,,60.00,"1,786.54"
06/09/2025,TRANSFER | UPI20250906000392325 | HARWARD INTERNATIONAL SCHOOL | U@0656287,,"40,000.00","1,846.54"
06/09/2025,TRANSFER | UPI20250906000388633 | ASHOKA MM | U@0477508,,91.00,"41,846.54"
04/09/2025,TRANSFER | UPI20250904000540820 | Rohith Y | U@0742105,,207.00,"41,937.54"
04/09/2025,TRANSFER | UPI20250904000494292 | KARTHIK H N | U@0398364,,20.00,"42,144.54"
04/09/2025,TRANSFER | UPI20250904000230383 | KANNAN A | U@0345730,,167.00,"42,164.54"
04/09/2025,TRANSFER | ECS-BD-IndusindBankLoan | TIAJ12438828 | Z@ED55675,,"11,377.00","42,331.54"
03/09/2025,TRANSFER | UPI20250903001534193 | VENUGOPALA K S | U@1805209,,281.00,"53,708.54"
03/09/2025,TRANSFER | UPI20250903001495886 | MANOJ KUMAR | U@1199255,,80.00,"53,989.54"
03/09/2025,TRANSFER | UPI20250903001487528 | S D PUSHPALATHA | U@1197734,,596.00,"54,069.54"
03/09/2025,TRANSFER | UPI20250903001433866 | HALESHAPPA M S | U@1385662,,45.00,"54,665.54"
03/09/2025,TRANSFER | UPI20250903001420411 | HALESHAPPA M S | U@1184609,,45.00,"54,710.54"
03/09/2025,TRANSFER | UPI20250903001417719 | VINAY KUMAR K B | U@1382648,"50,000.00",,"54,755.54"
03/09/2025,TRANSFER | UPI20250903001416892 | VINAY KUMAR K B | U@1183899,1.00,,"4,755.54"
03/09/2025,TRANSFER | UPI20250903001355684 | Jio | U@1171476,,902.00,"4,754.54"
02/09/2025,TRANSFER | UPI20250902000414494 | D V SOMASHEKHAR | U@0180853,,10.00,"5,656.54"
02/09/2025,TRANSFER | UPI20250902000398378 | BMTC BUS KA57F5400 | U@0276600,,23.00,"5,666.54"
02/09/2025,TRANSFER | UPI20250902000351289 | BMTC BUS KA57F3474 | U@0267543,,30.00,"5,689.54"
02/09/2025,TRANSFER | UPI20250902000320572 | VINAYAK DEVADIGA | U@0362723,,70.00,"5,719.54"
02/09/2025,TRANSFER | UPI20250902000280986 | VINAYAK DEVADIGA | U@0455270,,110.00,"5,789.54"
02/09/2025,TRANSFER | UPI20250902000237320 | SRI GANESHA BOMBAY VADAPAV CORNER | U@0346614,,60.00,"5,899.54"
02/09/2025,TRANSFER | UPI20250902000098606 | Chikkamma | U@0418995,,30.00,"5,959.54"
02/09/2025,TRANSFER | UPI20250902000090096 | M S RAJU | U@0216935,,15.00,"5,989.54"
02/09/2025,TRANSFER | UPI20250902000087322 | MARUTHI K | U@0416728,,270.00,"6,004.54"
01/09/2025,TRANSFER | UPI20250901001477413 | MEGHA B | U@1195716,,140.00,"6,274.54"
01/09/2025,TRANSFER | UPI20250901001474226 | RAM MEDICALS | U@1290874,,80.00,"6,414.54"
01/09/2025,TRANSFER | UPI20250901001463768 | UDAY B PAWAR | U@1389850,,538.00,"6,494.54"
01/09/2025,TRANSFER | UPI20250901001230270 | JANAPRIYA CAKES AND BAKES | U@1342515,,260.00,"7,032.54"
31/08/2025,TRANSFER | UPI20250901000272656 | Zomato private Limited | U@0353793,,262.36,"7,292.54"
31/08/2025,TRANSFER | UPI20250901000245149 | NABIRASUL | U@0447122,,82.00,"7,554.90"
30/08/2025,TRANSFER | UPI20250830000644546 | PREMA | U@1023554,,300.00,"7,636.90"
30/08/2025,TRANSFER | UPI20250830000555541 | HOTEL SAMRUDDHI | U@0711460,,145.00,"7,936.90"
30/08/2025,TRANSFER | UPI20250830000526433 | THOGARIHUNKAL ESTATES PRIVATE | U@1000151,,70.00,"8,081.90"
30/08/2025,TRANSFER | UPI20250830000352993 | NOOR AYESHA | U@0569911,,54.00,"8,151.90"
30/08/2025,TRANSFER | UPI20250830000293141 | SHASHI KANTH P | U@0354903,,65.00,"8,205.90"
30/08/2025,TRANSFER | UPI20250830000166739 | Mr MAHESH B G | U@0532878,,300.00,"8,270.90"
29/08/2025,TRANSFER | UPI20250829000590672 | ZOMATO | U@0815390,,172.41,"8,570.90"
29/08/2025,TRANSFER | UPI20250829000038088 | POORNIMA T | U@0407090,,120.00,"8,743.31"
28/08/2025,TRANSFER | UPI20250828000524403 | NABIRASUL | U@0690335,,380.00,"8,863.31"
28/08/2025,TRANSFER | UPI20250828000520877 | SHASHANK D M | U@0803065,,240.00,"9,243.31"
28/08/2025,TRANSFER | UPI20250828000356780 | Jayalakshmi | U@0168991,,50.00,"9,483.31"
28/08/2025,TRANSFER | UPI20250828000356082 | NABIRASUL | U@0472125,,470.00,"9,533.31"
28/08/2025,TRANSFER | UPI20250828000035554 | POORNIMA T | U@0106636,,80.00,"10,003.31"
27/08/2025,TRANSFER | UPI20250827000332009 | D G NARAYANA | U@0464334,"10,000.00",,"10,083.31"
25/08/2025,TRANSFER | UPI20250825001497685 | Amazon India | U@1490825,,204.00,83.31
25/08/2025,TRANSFER | UPI20250825001497130 | Bhagyamma V G | U@1681949,200.00,,287.31
24/08/2025,TRANSFER | UPI20250825000751241 | NABIRASUL | U@0946702,,10.00,87.31
23/08/2025,TRANSFER | UPI20250825000486332 | Jayalakshmi | U@0595195,,10.00,97.31
23/08/2025,TRANSFER | UPI20250825000485703 | NABIRASUL | U@0395842,,25.00,107.31
23/08/2025,TRANSFER | UPI20250825000234663 | ZOMATO | U@0443776,,179.80,132.31
23/08/2025,TRANSFER | UPI20250825000062821 | C N SHIVARAJU | U@0313642,300.00,,312.11
11/08/2025,TRANSFER | UPI20250811001443333 | Airtel | U@2321232,,490.80,12.11
11/08/2025,TRANSFER | UPI20250811001425983 | MANJUNATHA B C | U@2414742,,160.00,502.91
11/08/2025,TRANSFER | UPI20250811001394930 | VENKATESH L | U@2114674,,149.00,662.91
11/08/2025,TRANSFER | UPI20250811001378528 | NARASIMHAMURTHY | U@2208878,,270.00,811.91
09/08/2025,TRANSFER | UPI20250811000387442 | ZOMATO | U@0274877,,180.55,"1,081.91"
07/08/2025,TRANSFER | UPI20250807000299098 | SANTHOSH O P | U@0557666,,36.00,"1,262.46"
06/08/2025,TRANSFER | UPI20250806000605562 | DURGARAM | U@0621466,,30.00,"1,298.46"
06/08/2025,TRANSFER | UPI20250806000341847 | Nagaraju K | U@0569036,,50.00,"1,328.46"
06/08/2025,TRANSFER | UPI20250806000230820 | Mr GIRISH G T | U@0346457,,120.00,"1,378.46"
06/08/2025,TRANSFER | UPI20250806000227990 | SHANESHWRA STORE | U@0243533,,150.00,"1,498.46"
05/08/2025,TRANSFER | UPI20250805000436748 | RANGASWAMY S | U@0284884,,91.00,"1,648.46"
05/08/2025,TRANSFER | UPI20250805000410510 | NEW AGARWAL BHAVAN DASANPURA | U@0480898,,252.00,"1,739.46"
05/08/2025,TRANSFER | UPI20250805000377575 | MOHAN KUMAR G N | U@0272503,,85.00,"1,991.46"
04/08/2025,TRANSFER | UPI20250804002362170 | RATNAMMA | U@2568424,,60.00,"2,076.46"
04/08/2025,TRANSFER | UPI20250804002271756 | M/S.INDRAPRASTHA VEGETARIAN VIJAYAN | U@2351816,,919.00,"2,136.46"
04/08/2025,TRANSFER | UPI20250804002107766 | THE AMRITH CAFE | U@2518492,,80.00,"3,055.46"
04/08/2025,TRANSFER | UPI20250804002049362 | Bhagyamma V G | U@2112118,,220.00,"3,135.46"
04/08/2025,TRANSFER | ECS-BD-IndusindBankLoan | TIAJ12335274 | Z@ED47480,,"11,377.00","3,355.46"
04/08/2025,TRANSFER | UPI20250804002008803 | VARSHITHA N N VARSHITHA | U@2104013,"11,400.00",,"14,732.46"
04/08/2025,TRANSFER | UPI20250804001983837 | D G NARAYANA | U@1795411,220.00,,"3,332.46"
01/08/2025,TRANSFER | UPI20250801000417623 | PUSHPALATHA S D | U@0701439,550.00,,"3,112.46"
30/07/2025,TRANSFER | UPI20250730000362286 | PUSHPALATHA S D | U@0170437,"2,525.00",,"2,562.46"
29/07/2025,TRANSFER | UPI20250729000212561 | Restaurant Brands Asia Limited | U@0240652,,73.46,37.46
29/07/2025,TRANSFER | UPI20250729000170141 | Burger King | U@0135190,,41.96,110.92
29/07/2025,TRANSFER | UPI20250729000149573 | Burger King | U@0130758,,83.96,152.88
29/07/2025,TRANSFER | UPI20250729000129168 | Burger King | U@0425173,,193.16,236.84
28/07/2025,TRANSFER | UPI20250728001607794 | KARTHIK H N | U@1618609,,500.00,430.00
27/07/2025,TRANSFER | UPI20250728000672580 | D G NARAYANA | U@0732654,,"99,999.00",930.00
27/07/2025,TRANSFER | UPI20250728000672366 | Bhagyamma V G | U@0732546,"99,999.00",,"100,929.00"
22/07/2025,TRANSFER | UPI20250722000498599 | KARTHIK H N | U@0496227,,"1,000.00",930.00
22/07/2025,TRANSFER | UPI20250722000322531 | ZOMATO LIMITED | U@0563083,,148.30,"1,930.00"
20/07/2025,TRANSFER | UPI20250721000182492 | ZOMATO LIMITED | U@0535047,,253.85,"2,078.30"
20/07/2025,TRANSFER | UPI20250721000180858 | Zomato Online Order | U@0436229,,477.90,"2,332.15"
20/07/2025,TRANSFER | UPI20250721000020762 | Zomato Online Order | U@0104108,,172.10,"2,810.05"
19/07/2025,TRANSFER | UPI20250719000092299 | ZOMATO | U@0518139,,191.43,"2,982.15"
18/07/2025,TRANSFER | UPI20250718000430357 | KARTHIK H N | U@0584273,,200.00,"3,173.58"
16/07/2025,TRANSFER | UPI20250716000048963 | PharmEasy | U@0409381,,901.02,"3,373.58"
12/07/2025,TRANSFER | UPI20250714000409114 | HARSHITH M S | U@0580846,150.00,,"4,274.60"
12/07/2025,TRANSFER | UPI20250714000321937 | FERILION LABS PRIVATE LIMITED | U@0163143,,"4,000.00","4,124.60"
10/07/2025,TRANSFER | UPI20250710000035769 | Blinkit | U@0306663,,270.00,124.60
09/07/2025,TRANSFER | UPI20250709000498062 | Chikkanna | U@0597894,,10.00,394.60
09/07/2025,TRANSFER | UPI20250709000405612 | NABIRASUL | U@0179808,,75.00,404.60
09/07/2025,TRANSFER | UPI20250709000348397 | Zomato Online Order | U@0468814,,170.20,479.60
09/07/2025,TRANSFER | UPI20250709000288662 | BAKE AND FRESH | U@0557081,,280.00,649.80
09/07/2025,TRANSFER | UPI20250709000205268 | Venkatesh M | U@0440250,,95.00,929.80
09/07/2025,TRANSFER | UPI20250709000183257 | SRI GANESH PHARMA | U@0135696,,145.00,"1,024.80"
09/07/2025,TRANSFER | UPI20250709000172563 | MAHESH LABORATORY | U@0534024,,100.00,"1,169.80"
09/07/2025,TRANSFER | UPI20250709000152551 | LakshmiMaternityAndSurgicalCenterBA | U@0330216,,700.00,"1,269.80"
09/07/2025,TRANSFER | UPI20250709000114940 | SUNIL | U@0422301,,215.00,"1,969.80"
08/07/2025,TRANSFER | UPI20250708000473386 | Mr MANJUNATHA G | U@0493289,,28.00,"2,184.80"
08/07/2025,TRANSFER | UPI20250708000467628 | VEERA KYATAPPA | U@0292805,,45.00,"2,212.80"
08/07/2025,TRANSFER | UPI20250708000465420 | NIRMAL KUMAR D | U@0491677,,300.00,"2,257.80"
08/07/2025,TRANSFER | UPI20250708000288145 | ASWIN ASHOK | U@0456801,,349.00,"2,557.80"
08/07/2025,TRANSFER | UPI20250708000224234 | THALASSERY RESTAURANT | U@0610212,,378.00,"2,906.80"
08/07/2025,TRANSFER | UPI20250708000159657 | MRS MANJULA BASAPPA GANAGER | U@0431285,,40.00,"3,284.80"
08/07/2025,TRANSFER | UPI20250708000147866 | HANUAMATA | U@0128460,,80.00,"3,324.80"
08/07/2025,TRANSFER | UPI20250708000085438 | Bangalore Metro Rail Corporation Lt | U@0516678,,500.00,"3,404.80"
08/07/2025,TRANSFER | UPI20250708000083836 | MOHAN KUMAR G N | U@0416470,,50.00,"3,904.80"
07/07/2025,TRANSFER | UPI20250707000675063 | JAGADISH KUMAR | U@1099440,,30.00,"3,954.80"
06/07/2025,TRANSFER | UPI20250707000292688 | KARTHIK H N | U@0923192,,500.00,"3,984.80"
06/07/2025,TRANSFER | UPI20250707000097816 | ZOMATO | U@0419105,,179.80,"4,484.80"
05/07/2025,TRANSFER | UPI20250705000751888 | KARTHIK H N | U@1403702,,200.00,"4,664.60"
05/07/2025,TRANSFER | UPI20250705000731352 | KARTHIK H N | U@1144245,"1,000.00",,"4,864.60"
05/07/2025,TRANSFER | UPI20250705000730256 | KARTHIK H N | U@1243909,,"1,000.00","3,864.60"
05/07/2025,TRANSFER | UPI20250705000108819 | KARTHIK H N | U@0121249,,"5,000.00","4,864.60"
05/07/2025,TRANSFER | UPI20250705000043074 | Blinkit | U@0208657,,990.00,"9,864.60"
04/07/2025,TRANSFER | UPI20250704000452276 | RAGHAVENDRA S V | U@2956639,,40.00,"10,854.60"
04/07/2025,TRANSFER | UPI20250704000355265 | Sribalajijuiceandchats | U@2838094,,140.00,"10,894.60"
04/07/2025,TRANSFER | UPI20250704000354155 | LIFE CARE MEDICALS 2 | U@2837861,,25.00,"11,034.60"
04/07/2025,TRANSFER | UPI20250704000268622 | JAYALAKSHMI | U@2920399,,20.00,"11,059.60"
04/07/2025,TRANSFER | UPI20250704000257736 | JAYALAKSHMI | U@2518676,,100.00,"11,079.60"
04/07/2025,TRANSFER | UPI20250704000255401 | K A SADASHIVA | U@2518203,,210.00,"11,179.60"
04/07/2025,TRANSFER | ECS-BD-IndusindBankLoan | TIAJ12092460 | Z@ED41799,,"11,377.00","11,389.60"
03/07/2025,TRANSFER | UPI20250703001414675 | BHARATH K S | U@1678306,,264.00,"22,766.60"
03/07/2025,TRANSFER | UPI20250703001310557 | Clean Slate Cafe | U@1363329,,"1,145.00","23,030.60"
03/07/2025,TRANSFER | UPI20250703001137965 | ZOMATO LIMITED | U@1525085,,400.02,"24,175.60"
03/07/2025,CASH W/D | 03JUL25 ELECTRO 03:10:53 | IN068271INR 2957.00 | POTHYS RETAIL PVT LTD | A89500001,,"2,957.00","24,575.62"
02/07/2025,TRANSFER | UPI20250702000423945 | Blinkit | U@0950011,,518.00,"27,532.62"
01/07/2025,INTEREST | CREDIT INTEREST | FROM APR25 TO JUN25 | ZDD400145,44.63,,"28,050.62"
01/07/2025,TRANSFER | UPI20250701000700091 | KARTHIK H N | U@1457672,500.00,,"28,005.99"
01/07/2025,TRANSFER | UPI20250701000699637 | KARTHIK H N | U@1258381,"11,000.00",,"27,505.99"
01/07/2025,TRANSFER | UPI20250701000545214 | ANAND K | U@1427382,,50.00,"16,505.99"
01/07/2025,TRANSFER | UPI20250701000531444 | KOUSALYA SWEETS AND | U@1504491,,950.00,"16,555.99"
01/07/2025,TRANSFER | UPI20250701000462281 | ABDUL ATEEQ K | U@1211769,,40.00,"17,505.99"
01/07/2025,TRANSFER | UPI20250701000459271 | ROOP SANGAM | U@1211266,,"2,320.00","17,545.99"
01/07/2025,TRANSFER | UPI20250701000432778 | Halli Mane Malleswaram 2 | U@0806323,,168.00,"19,865.99"
01/07/2025,TRANSFER | UPI20250701000416712 | ZudioMantri square MallBangalore Z1 | U@0803218,,998.00,"20,033.99"
01/07/2025,TRANSFER | UPI20250701000337391 | E S RAMESHKUMAR | U@0465979,,100.00,"21,031.99"
01/07/2025,TRANSFER | UPI20250701000319745 | N S VASUKI | U@0162424,,260.00,"21,131.99"
30/06/2025,TRANSFER | UPI20250630001452363 | Zomato Ltd | U@2363731,309.16,,"21,391.99"
30/06/2025,TRANSFER | UPI20250630001419357 | Zomato Ltd | U@2357207,,309.16,"21,082.83"
29/06/2025,TRANSFER | UPI20250630001079741 | SHASHANK D M | U@1595253,,90.00,"21,391.99"
29/06/2025,TRANSFER | UPI20250630001079182 | NABIRASUL | U@1790687,,30.00,"21,481.99"
29/06/2025,TRANSFER | UPI20250630000839109 | SHASHANK D M | U@1744156,,95.00,"21,511.99"
29/06/2025,TRANSFER | UPI20250630000655199 | Blinkit | U@1428636,,219.00,"21,606.99"
28/06/2025,TRANSFER | UPI20250630000117921 | Blinkit | U@1204218,,207.00,"21,825.99"
28/06/2025,TRANSFER | UPI20250630000109225 | Zomato Online Order | U@1102422,,208.43,"22,032.99"
28/06/2025,TRANSFER | UPI20250630000030149 | Blinkit | U@0205978,,737.00,"22,241.42"
27/06/2025,TRANSFER | UPI20250627000424795 | SANTHOSH GOWDA B | U@0483587,250.00,,"22,978.42"
27/06/2025,TRANSFER | UPI20250627000413958 | MOHAMMED NASIR | U@0481488,,253.00,"22,728.42"
27/06/2025,TRANSFER | UPI20250627000316698 | Zomato Ltd | U@0161322,,149.50,"22,981.42"
27/06/2025,TRANSFER | UPI20250627000281896 | CHANDRU | U@0455714,,335.00,"23,130.92"
27/06/2025,TRANSFER | UPI20250627000176646 | ANAND K | U@0434784,,400.00,"23,465.92"
27/06/2025,TRANSFER | UPI20250627000131686 | ANAND K | U@0125308,,82.00,"23,865.92"
27/06/2025,TRANSFER | UPI20250627000121076 | MUTTAPPA M HUGAR | U@0223507,,160.00,"23,947.92"
27/06/2025,TRANSFER | UPI20250627000025917 | Blinkit | U@0204865,,240.00,"24,107.92"
26/06/2025,TRANSFER | UPI20250626000192259 | CRED | U@0901350,,"20,928.45","24,347.92"
26/06/2025,TRANSFER | UPI20250626000191183 | HARSHITHA N | U@0801117,,"5,000.00","45,276.37"
26/06/2025,TRANSFER | UPI20250626000027324 | Jayalakshmi | U@0205014,,65.00,"50,276.37"
26/06/2025,TRANSFER | UPI20250626000026096 | NABIRASUL | U@0304752,,73.00,"50,341.37"
25/06/2025,TRANSFER | UPI20250625000513481 | ZOMATO | U@0645826,90.87,,"50,414.37"
25/06/2025,TRANSFER | UPI20250625000447477 | ZOMATO | U@0486996,,288.50,"50,323.50"
25/06/2025,TRANSFER | UPI20250625000054669 | Zomato Online Order | U@0510780,,171.20,"50,612.00"
25/06/2025,TRANSFER | UPI20250625000023525 | Blinkit | U@0104490,,339.00,"50,783.20"
24/06/2025,TRANSFER | UPI20250624000448333 | ZOMATO | U@0388748,,222.35,"51,122.20"
24/06/2025,TRANSFER | UPI20250624000428518 | Zomato private Limited | U@0483355,,200.75,"51,344.55"
24/06/2025,TRANSFER | UPI20250624000394225 | Mr Nandeesh K S | U@0177624,,94.00,"51,545.30"
24/06/2025,TRANSFER | UPI20250624000325138 | HOTEL SRI GAJANANA | U@0463225,,45.00,"51,639.30"
23/06/2025,TRANSFER | UPI20250623000823722 | RAJA SAHEB | U@0860939,,92.00,"51,684.30"
23/06/2025,TRANSFER | UPI20250623000812197 | Vincent Issac L | U@0957838,,78.00,"51,776.30"
23/06/2025,TRANSFER | UPI20250623000668212 | Blinkit | U@1110707,,254.00,"51,854.30"
22/06/2025,TRANSFER | UPI20250623000285259 | KARTHIK H N | U@0155732,,500.00,"52,108.30"
21/06/2025,TRANSFER | UPI20250621000194150 | VINOD M K | U@0338113,,170.00,"52,608.30"
20/06/2025,TRANSFER | UPI20250620000419275 | Ankithagowda S | U@0582166,,185.00,"52,778.30"
20/06/2025,TRANSFER | UPI20250620000406872 | Mr V Vishwanath | U@0179769,,120.00,"52,963.30"
20/06/2025,TRANSFER | UPI20250620000404612 | GUDIYA | U@0278898,,20.00,"53,083.30"
20/06/2025,TRANSFER | UPI20250620000399481 | MAA ASHIRWAD FASHION | U@0578174,,500.00,"53,103.30"
20/06/2025,TRANSFER | UPI20250620000317289 | MUHAMMED RISAF K P | U@0462506,,75.00,"53,603.30"
20/06/2025,TRANSFER | UPI20250620000225745 | MANJAPPA K V | U@0444504,,105.00,"53,678.30"
20/06/2025,TRANSFER | UPI20250620000115254 | XXXPGN KOTAK 811 OTP PGN | U@0322210,,328.00,"53,783.30"
20/06/2025,TRANSFER | UPI20250620000030371 | Blinkit | U@0305840,,358.00,"54,111.30"
17/06/2025,TRANSFER | UPI20250617000377453 | LEKHRAJ P | U@1544407,"16,625.00",,"54,469.30"
17/06/2025,TRANSFER | UPI20250617000353596 | GIRISH H | U@1140310,"37,800.00",,"37,844.30"
17/06/2025,TRANSFER | UPI20250617000122830 | XXXPGN KOTAK 811 SAVINGS BANK PGN 0 | U@0324082,,30.00,44.30
14/06/2025,TRANSFER | UPI20250616000430170 | THPELA SIVA SHANKAR | U@0184468,,80.00,14.30
14/06/2025,TRANSFER | UPI20250616000210743 | KARTHIK H N | U@0241467,,90.00,94.30
12/06/2025,TRANSFER | UPI20250612000174362 | ZOMATO | U@0534405,,389.95,4.30
12/06/2025,TRANSFER | UPI20250612000174127 | KARTHIK H N | U@0133506,,390.00,394.25
12/06/2025,TRANSFER | UPI20250612000121888 | KARTHIK H N | U@0123307,,50.00,4.25
11/06/2025,TRANSFER | UPI20250611000291029 | EKART | U@0456199,,"1,007.00",54.25
11/06/2025,TRANSFER | UPI20250611000289955 | NH | U@0630151,"1,000.00",,"1,061.25"
10/06/2025,TRANSFER | UPI20250610000279513 | KIRAN B J | U@1526717,,80.00,61.25
10/06/2025,TRANSFER | UPI20250610000252605 | RAJESH S K | U@1421640,,100.00,141.25
10/06/2025,TRANSFER | UPI20250610000251949 | RAJESH S K | U@1521375,,20.00,241.25
10/06/2025,TRANSFER | UPI20250610000090759 | PharmEasy | U@0417766,,995.23,261.25
10/06/2025,TRANSFER | UPI20250610000090623 | Bhagyamma V G | U@0117817,996.00,,"1,256.48"
09/06/2025,TRANSFER | UPI20250609001102374 | KARTHIK H N | U@1777672,,100.00,260.48
09/06/2025,TRANSFER | UPI20250609000864644 | SHIVAKUMAR P M | U@1731173,288.00,,360.48
07/06/2025,TRANSFER | UPI20250607000446827 | NABIRASUL | U@0387959,,30.00,72.48
07/06/2025,TRANSFER | UPI20250607000444281 | SANTHOSH O P | U@1058884,,24.00,102.48
06/06/2025,TRANSFER | UPI20250606000314685 | Polar Bear Malleshwaram | U@0362913,,458.00,126.48
06/06/2025,TRANSFER | UPI20250606000271462 | MAHADEVA SWAMY M | U@0553981,,20.00,584.48
06/06/2025,TRANSFER | UPI20250606000105441 | ABHISHEK P | U@0220163,,310.00,604.48
04/06/2025,TRANSFER | UPI20250604000233567 | Zomato Ltd | U@0145321,,170.25,914.48
04/06/2025,TRANSFER | UPI20250604000232336 | Zomato Online Order | U@0545339,,182.95,"1,084.73"
04/06/2025,TRANSFER | UPI20250604000135569 | KARTHIK H N | U@0425906,"5,000.00",,"1,267.68"
04/06/2025,TRANSFER | ECS-BD-IndusindBankLoan | TIAJ11938816 | Z@ED39483,,"11,377.00","3,732.32"
01/06/2025,TRANSFER | UPI20250602000390009 | Zomato Ltd | U@0746851,,777.25,"7,644.68"
01/06/2025,TRANSFER | UPI20250602000385191 | Zomato Online Order | U@0645830,,493.75,"8,421.93"
31/05/2025,TRANSFER | UPI CR For | 30-May-25 | U | ILME20836,209.00,,"8,915.68"
30/05/2025,TRANSFER | UPI20250530000459027 | PAVANA S | U@0389998,,282.00,"8,706.68"
30/05/2025,TRANSFER | UPI20250530000412822 | Clean Slate Cafe | U@0480856,,209.00,"8,988.68"
30/05/2025,TRANSFER | UPI20250530000412444 | Clean Slate Cafe | U@0582802,,209.00,"9,197.68"
30/05/2025,TRANSFER | UPI20250530000367921 | Clean Slate Cafe | U@0573408,,498.00,"9,406.68"
30/05/2025,TRANSFER | UPI20250530000302215 | RAMASHRAYAM FOODS L L P | U@0359531,,777.00,"9,904.68"
30/05/2025,TRANSFER | UPI20250530000289608 | ZOMATO | U@0357020,,413.10,"10,681.68"
30/05/2025,TRANSFER | UPI20250530000288583 | KARTHIK H N | U@0255899,"11,000.00",,"11,094.78"
30/05/2025,TRANSFER | UPI20250530000220667 | NARASIMHAMURTHY | U@0242886,,195.00,94.78
29/05/2025,TRANSFER | UPI20250529000551682 | KARTHIK H N | U@0808121,,100.00,289.78
28/05/2025,TRANSFER | UPI20250528000352255 | KARTHIK H N | U@0266827,,50.00,389.78
28/05/2025,TRANSFER | UPI20250528000339654 | CRED | U@0564604,,"14,683.50",439.78
28/05/2025,TRANSFER | UPI20250528000272834 | SUSHMA | U@0550816,"15,000.00",,"15,123.28"
27/05/2025,TRANSFER | UPI20250527000026018 | ZOMATO | U@0104913,,203.00,123.28
26/05/2025,TRANSFER | UPI20250526001377953 | ACT Broadband | U@1749071,,688.21,326.28
26/05/2025,TRANSFER | UPI20250526001371397 | KARTHIK H N | U@1643610,"1,000.00",,"1,014.49"
25/05/2025,TRANSFER | UPI20250526000857910 | VENUGOPAL K | U@1245004,12.00,,14.49
25/05/2025,TRANSFER | UPI20250526000693757 | KUMAR | U@1212112,,8.00,2.49
23/05/2025,TRANSFER | UPI20250523000244811 | DHANANJAYA R | U@0349457,,78.00,10.49
23/05/2025,TRANSFER | UPI20250523000244076 | KARTHIK H N | U@0546671,,70.00,88.49
23/05/2025,TRANSFER | UPI20250523000201475 | MANJULA K Y | U@0538636,,78.00,18.49
23/05/2025,TRANSFER | UPI20250523000181873 | YASHODA | U@0436986,,"6,900.00",96.49
23/05/2025,TRANSFER | UPI20250523000180557 | BYLAMMA EDUCATIONAL AND | U@0534653,,"15,000.00","6,996.49"
23/05/2025,TRANSFER | UPI20250523000176868 | MANJULA K Y | U@0133264,,78.00,"21,996.49"
23/05/2025,TRANSFER | UPI20250523000141202 | LEKHRAJ P | U@0428182,"22,000.00",,"22,074.49"
23/05/2025,TRANSFER | UPI20250523000130841 | Jio | U@0524272,,19.00,74.49
22/05/2025,TRANSFER | UPI20250522000399003 | Mr GIRISH G T | U@0477807,,80.00,93.49
22/05/2025,TRANSFER | UPI20250522000390593 | Mrs LATHA | U@0273446,,12.00,173.49
22/05/2025,TRANSFER | UPI20250522000388565 | RAGHUNATHA H | U@0475641,,60.00,185.49
22/05/2025,TRANSFER | UPI20250522000384417 | Vakil | U@0474775,,60.00,245.49
22/05/2025,TRANSFER | UPI20250522000350400 | KARTHIK H N | U@0368288,300.00,,305.49
21/05/2025,TRANSFER | UPI20250521000298260 | Pradeep Y | U@0457214,,50.00,5.49
21/05/2025,TRANSFER | UPI20250521000281796 | SUSHMA | U@0453414,,400.00,55.49
21/05/2025,TRANSFER | UPI20250521000097399 | Nagaraju A | U@0217736,,55.00,455.49
17/05/2025,TRANSFER | UPI20250517000361435 | Jio | U@0571868,,29.00,510.49
17/05/2025,TRANSFER | UPI20250517000287501 | KARTHIK H N | U@0556199,500.00,,539.49
17/05/2025,TRANSFER | UPI20250517000214297 | SUDHIR KUMAR | U@0442649,,30.00,39.49
17/05/2025,TRANSFER | UPI20250517000203694 | DIVYA S | U@0440743,,140.00,69.49
16/05/2025,TRANSFER | UPI20250516000376591 | KARTHIK H N | U@0575516,200.00,,209.49
16/05/2025,TRANSFER | UPI20250516000366908 | Gokul Cool Joint | U@0573527,,110.00,9.49
16/05/2025,TRANSFER | UPI20250516000320649 | JAYALAKSHMI | U@0262055,,95.00,119.49
16/05/2025,TRANSFER | UPI20250516000258944 | NARASIMHA SHENOY K | U@0349691,,50.00,214.49
15/05/2025,TRANSFER | UPI20250515000337652 | VINOD KUMAR T | U@0167530,,50.00,264.49
15/05/2025,TRANSFER | UPI20250515000308649 | KARTHIK H N | U@0161341,100.00,,314.49
14/05/2025,TRANSFER | UPI20250514000031425 | VEENA M W O SHANKAR S | U@0305870,,300.00,214.49
13/05/2025,TRANSFER | UPI20250513000123228 | KARTHIK H N | U@0524680,500.00,,514.49
12/05/2025,TRANSFER | UPI20250512001489602 | ANTARASTRIYA | U@1766661,,70.00,14.49
12/05/2025,TRANSFER | UPI20250512001469958 | VINAYAK DEVADIGA | U@2124653,,135.00,84.49
12/05/2025,TRANSFER | UPI20250512001467077 | KARTHIK H N | U@1959183,140.00,,219.49
11/05/2025,TRANSFER | UPI20250512000846497 | Jio | U@1436218,,300.80,79.49
11/05/2025,TRANSFER | UPI20250512000794181 | KARTHIK H N | U@1425750,250.00,,380.29
10/05/2025,TRANSFER | UPI20250512000452436 | Burger King India | U@0490311,,104.96,130.29
10/05/2025,TRANSFER | UPI20250512000430128 | KARTHIK H N | U@0384117,187.00,,235.25
10/05/2025,TRANSFER | UPI20250512000233930 | Brahmasri Juice And Condiments Sa S | U@0243863,,70.00,48.25
09/05/2025,TRANSFER | UPI20250509000091866 | KARTHIK H N | U@0418520,,100.00,118.25
09/05/2025,TRANSFER | UPI20250509000090327 | KARTHIK H N | U@0217669,,100.00,218.25
08/05/2025,TRANSFER | UPI20250508000225641 | SANKAR RAO | U@0343985,,10.00,118.25
07/05/2025,TRANSFER | UPI20250507000455370 | Mrs JAYALAKSHMI | U@0491077,,65.00,108.25
07/05/2025,TRANSFER | UPI20250507000451376 | UJJWAL GOWDA | U@0289341,,48.00,173.25
07/05/2025,TRANSFER | UPI20250507000445094 | RAGHUNATHA H | U@0489081,,60.00,221.25
07/05/2025,TRANSFER | UPI20250507000092739 | Zomato Ltd | U@0516970,,202.65,281.25
06/05/2025,TRANSFER | UPI20250506000536679 | Zomato Online Order | U@1004663,,169.45,483.90
06/05/2025,TRANSFER | UPI20250506000521811 | KARTHIK H N | U@0605133,630.00,,653.35
06/05/2025,TRANSFER | UPI20250506000435747 | PRADEEPA D E | U@0484738,,88.00,23.35
06/05/2025,TRANSFER | UPI20250506000221204 | NATARAJ G R | U@0543878,,20.00,111.35
05/05/2025,TRANSFER | UPI20250505000858675 | UDUPI GRAND | U@1169389,,60.00,131.35
05/05/2025,TRANSFER | UPI20250505000853028 | Mahamad Arshad | U@1213433,,150.00,191.35
04/05/2025,TRANSFER | UPI20250505000721168 | Paytm | U@0786888,4.00,,341.35
04/05/2025,TRANSFER | UPI20250505000720939 | KARTHIK H N | U@1141832,,"10,500.00",337.35
04/05/2025,TRANSFER | UPI20250505000681559 | ANJANEYA D T | U@1134106,,10.00,"10,837.35"
04/05/2025,TRANSFER | UPI20250505000679556 | Jayalakshmi | U@1035759,,35.00,"10,847.35"
04/05/2025,TRANSFER | UPI20250505000676642 | SHASHANK D M | U@1133033,,60.00,"10,882.35"
04/05/2025,TRANSFER | UPI20250505000617340 | Zomato Ltd | U@1023206,106.98,,"10,942.35"
04/05/2025,TRANSFER | UPI20250505000578782 | Zomato Ltd | U@1015483,,178.30,"10,835.37"
04/05/2025,TRANSFER | ECS-BD-IndusindBankLoan | TIAJ11786422 | Z@ED37525,,"11,377.00","11,013.67"
04/05/2025,TRANSFER | UPI20250505000136695 | Zomato Ltd | U@0126263,,205.18,"22,390.67"
03/05/2025,TRANSFER | UPI20250503001227182 | SHASHIKUMAR V | U@1292272,,60.00,"22,595.85"
03/05/2025,TRANSFER | UPI20250503000874922 | JAY PRKASH | U@1073528,,25.00,"22,655.85"
02/05/2025,TRANSFER | UPI20250502000456658 | Zomato Ltd | U@0489304,,169.45,"22,680.85"
01/05/2025,TRANSFER | UPI20250501000460390 | KARTHIK H N | U@0591841,"12,000.00",,"22,850.30"
29/04/2025,TRANSFER | UPI20250429000575378 | KARTHIK H N | U@1011271,"10,300.00",,"10,850.30"
27/04/2025,ATM | 27APR25 NFS 17:36:05 | MADANAIYAKAN BANGALORE M | 511717004247 004247 | A96134539,,500.00,550.30
27/04/2025,ATM | 27APR25 NFS 17:35:07 | MADANAIYAKAN BANGALORE M | 511717004246 004246 | A96134537,,200.00,"1,050.30"
27/04/2025,TRANSFER | UPI20250428000594797 | KARTHIK H N | U@0816501,,200.00,"1,250.30"
26/04/2025,TRANSFER | UPI20250428000504522 | BIBIFATIMA BAGAWANA | U@0298683,,179.00,"1,450.30"
26/04/2025,TRANSFER | UPI20250428000428419 | KARTHIK H N | U@0184699,250.00,,"1,629.30"
26/04/2025,TRANSFER | UPI20250428000427507 | AVYAY ENTERPRISES | U@0483611,,91.00,"1,379.30"
26/04/2025,TRANSFER | UPI20250428000426777 | AVYAY ENTERPRISES | U@0184282,,396.00,"1,470.30"
26/04/2025,TRANSFER | UPI20250428000353209 | KK Brigade Orion Mall Lakeside | U@0368635,,164.00,"1,866.30"
26/04/2025,TRANSFER | UPI20250428000318704 | WTC TRADES AND PROJECTS PL CAM | U@0261604,,500.00,"2,030.30"
26/04/2025,TRANSFER | UPI20250428000301706 | Swirl Soft Corner | U@0258170,,100.00,"2,530.30"
26/04/2025,TRANSFER | UPI20250428000300868 | CHIRAG B | U@0559310,,170.00,"2,630.30"
26/04/2025,TRANSFER REVERSAL | UPI20250428000300505 | HSBC0560002/null | U@0358265,,170.00,"2,800.30"
26/04/2025,TRANSFER | UPI20250428000300486 | REDSTAGE STUDIOS PRIVATE LIMITED | U@0159249,,170.00,"2,630.30"
26/04/2025,TRANSFER | UPI20250428000290213 | MD ZAKARIA | U@0356056,,100.00,"2,800.30"
26/04/2025,TRANSFER | UPI20250428000239837 | SJB Orion Gateway BLR | U@0546760,,104.00,"2,900.30"
26/04/2025,TRANSFER | UPI20250428000189507 | BHAGYALKSHMI | U@0236037,,189.00,"3,004.30"
26/04/2025,TRANSFER | UPI20250428000184935 | KARTHIK H N | U@0535935,,300.00,"3,193.30"
26/04/2025,TRANSFER | UPI20250428000069862 | CRED | U@0113626,,"4,172.08","3,493.30"
26/04/2025,TRANSFER | UPI20250428000069267 | ZOMATO | U@0413793,,211.09,"7,665.38"
26/04/2025,TRANSFER | UPI20250428000028309 | SOUNDARYABAI R | U@0505719,,50.00,"7,876.47"
25/04/2025,TRANSFER | UPI20250425000426662 | SHASHANK D M | U@0383294,,100.00,"7,926.47"
25/04/2025,TRANSFER | UPI20250425000425744 | NABIRASUL | U@0183426,,20.00,"8,026.47"
25/04/2025,TRANSFER | UPI20250425000412701 | RAKESH KUMAR | U@0280147,,110.00,"8,046.47"
25/04/2025,TRANSFER | UPI20250425000409989 | MIAMI SUPERMARKET | U@0582074,,70.00,"8,156.47"
25/04/2025,TRANSFER | UPI20250425000397549 | Shaneshwra Store | U@0477222,,65.00,"8,226.47"
25/04/2025,TRANSFER | UPI20250425000301857 | Swiggy | U@0358505,,308.00,"8,291.47"
25/04/2025,TRANSFER | UPI20250425000048415 | VARSHITHA N | U@0308866,"8,588.00",,"8,599.47"
13/04/2025,TRANSFER | UPI20250414001017467 | Swiggy | U@1201136,,100.00,11.47
13/04/2025,TRANSFER | UPI20250414000811528 | KARTHIK H N | U@0660651,80.00,,111.47
11/04/2025,TRANSFER | UPI20250411000540831 | THIPPERANGA S 8750 | U@0806592,,47.00,31.47
11/04/2025,TRANSFER | UPI20250411000422819 | NABIRASUL | U@0382309,,60.00,78.47
11/04/2025,TRANSFER | UPI20250411000421077 | Mrs JAYALAKSHMI | U@0182447,,20.00,138.47
11/04/2025,TRANSFER | UPI20250411000091619 | KARTHIK H N | U@0316706,100.00,,158.47
09/04/2025,TRANSFER | UPI20250409000084265 | NABIRASUL | U@0517137,,56.00,58.47
09/04/2025,TRANSFER | UPI20250409000083514 | Jayalakshmi | U@0516940,,10.00,114.47
09/04/2025,TRANSFER | UPI20250409000074111 | KARTHIK H N | U@0514928,100.00,,124.47
08/04/2025,TRANSFER | UPI20250408000143428 | ZOMATO LIMITED | U@0227605,,169.45,24.47
08/04/2025,TRANSFER | UPI20250408000142266 | KARTHIK H N | U@0227314,50.00,,193.92
06/04/2025,TRANSFER | UPI20250407000427535 | RAJU G | U@0584612,,33.00,143.92
06/04/2025,TRANSFER | UPI20250407000425489 | UJJWAL GOWDA | U@0482736,,54.00,176.92
06/04/2025,TRANSFER | UPI20250407000150887 | ZOMATO | U@0529589,,190.00,230.92
05/04/2025,TRANSFER | UPI20250405000182428 | PRASANNA KUMAR N | U@0135038,,84.00,420.92
05/04/2025,TRANSFER | UPI20250405000181120 | VEERA KYATAPPA | U@0134688,,60.00,504.92
05/04/2025,TRANSFER | UPI20250405000157473 | NEW AGARWAL BHAVAN DASANPURA | U@0129948,,25.00,564.92
05/04/2025,TRANSFER | UPI20250405000157088 | NEW AGARWAL BHAVAN DASANPURA | U@0531484,,165.00,589.92
04/04/2025,TRANSFER | UPI20250404000379324 | KIRAN B J | U@1421736,,80.00,754.92
04/04/2025,TRANSFER | UPI20250404000278899 | KARTHIK H N | U@1400792,,"2,000.00",834.92
04/04/2025,TRANSFER | ECS-BD-IndusindBankLoan | TIAJ11595676 | Z@ED40560,,"11,377.00","2,834.92"
03/04/2025,TRANSFER | UPI20250403000799145 | VENKATALAKSHMI V N | U@0758696,,86.00,"14,211.92"
03/04/2025,TRANSFER | UPI20250403000620551 | KARTHIK H N | U@0824657,"3,000.00",,"14,297.92"
02/04/2025,TRANSFER | UPI20250402000216218 | KARTHIK H N | U@0142824,480.00,,"11,297.92"
01/04/2025,INTEREST | CREDIT INTEREST | FROM JAN25 TO MAR25 | ZDD400120,131.29,,"10,817.92"
01/04/2025,TRANSFER | UPI20250401000386659 | KARTHIK H N | U@0577127,,50.00,"10,686.63"
01/04/2025,TRANSFER | UPI20250401000337990 | MC DONALDS | U@0268637,,215.00,"10,636.63"
01/04/2025,TRANSFER | UPI20250401000287936 | MC DONALDS | U@0356925,,302.45,"10,851.63"
01/04/2025,TRANSFER | UPI20250401000114834 | KARTHIK H N | U@0122544,,480.00,"11,154.08"
30/03/2025,TRANSFER | UPI20250331000003166 | KARTHIK H N | U@0500599,51.00,,"11,634.08"
29/03/2025,TRANSFER | UPI20250329000264007 | BHASKER R | U@0553549,,134.00,"11,583.08"
28/03/2025,TRANSFER | UPI20250328000345591 | KARTHIK H N | U@0367233,"11,380.00",,"11,717.08"
28/03/2025,TRANSFER | UPI20250328000258039 | Blinkit | U@0251292,,212.00,337.08
27/03/2025,TRANSFER | UPI20250327000297751 | DAYANANDA | U@0556246,,70.00,549.08
27/03/2025,TRANSFER | UPI20250327000185358 | Kalmane Koffee Mantri Mall | U@0137736,,265.00,619.08
27/03/2025,TRANSFER | UPI20250327000101522 | HANUMANTHARAYAPPA | U@0519678,,40.00,884.08
26/03/2025,TRANSFER | UPI20250326000078156 | CH VINAY KUMARA | U@0414632,,300.00,924.08
26/03/2025,TRANSFER | UPI20250326000054981 | CRED | U@0410324,,"4,176.23",624.08
26/03/2025,TRANSFER | UPI20250326000023161 | Bangalore Metro Rail Corporation Lt | U@0304550,,200.00,"4,800.31"
25/03/2025,TRANSFER | UPI20250325000525483 | KARTHIK H N | U@0703938,,"1,300.00","5,000.31"
25/03/2025,TRANSFER | UPI20250325000325492 | KARTHIK H N | U@0164557,,"2,700.00","3,700.31"
24/03/2025,TRANSFER | UPI20250324001341310 | Gokul Cool Joint | U@1165149,,60.00,"1,000.31"
24/03/2025,TRANSFER | UPI20250324001278994 | Vinayak Devadiga | U@1152933,,175.00,"1,060.31"
24/03/2025,TRANSFER | UPI20250324001218230 | McDonalds Hardcastle Restaurants | U@1140986,,39.00,"1,235.31"
23/03/2025,TRANSFER | UPI20250324000932206 | MANGAL SINGH | U@1079260,,60.00,"1,274.31"
23/03/2025,TRANSFER | UPI20250324000931321 | Mr MANJUNATHA G | U@0782768,,65.00,"1,334.31"
23/03/2025,TRANSFER | UPI20250324000677630 | ZOMATO | U@0732927,,190.45,"1,399.31"
18/03/2025,TRANSFER | UPI20250318000207555 | Seetaramu | U@0539367,,60.00,"1,589.76"
18/03/2025,TRANSFER | UPI20250318000206420 | UJJWAL GOWDA | U@0439363,,167.00,"1,649.76"
18/03/2025,TRANSFER | UPI20250318000205066 | Mr MANJUNATHA G | U@0240978,,30.00,"1,816.76"
18/03/2025,TRANSFER | UPI20250318000204263 | ANJANEYA D T | U@0439032,,45.00,"1,846.76"
17/03/2025,TRANSFER | UPI20250317000858295 | Blinkit | U@1161092,,462.00,"1,891.76"
17/03/2025,TRANSFER | UPI20250317000751437 | ZOMATO | U@0847453,,189.20,"2,353.76"
17/03/2025,TRANSFER | UPI20250317000570752 | ZOMATO | U@1103529,,206.68,"2,542.96"
16/03/2025,TRANSFER | UPI20250317000363694 | MANGAL SINGH | U@0662960,,40.00,"2,749.64"
16/03/2025,TRANSFER | UPI20250317000354493 | Mr GIRISH G T | U@0270476,,10.00,"2,789.64"
16/03/2025,TRANSFER | UPI20250317000346051 | Mr NARASIMHAMURTHY | U@0268744,,25.00,"2,799.64"
16/03/2025,TRANSFER | UPI20250317000225988 | Blue Dart Express Ltd | U@0543967,,"1,199.00","2,824.64"
16/03/2025,TRANSFER | UPI20250317000199031 | VARSHITHA N | U@0338385,"4,000.00",,"4,023.64"
16/03/2025,TRANSFER | UPI20250317000198139 | ZOMATO | U@0538256,,281.18,23.64
16/03/2025,TRANSFER | UPI20250317000152274 | KARTHIK H N | U@0231117,,"4,000.00",304.82
16/03/2025,TRANSFER | UPI20250317000138617 | PANDURANGA RAO PADAT | U@0526406,,130.00,"4,304.82"
16/03/2025,TRANSFER | UPI20250317000120844 | Meesho | U@0322993,,137.00,"4,434.82"
15/03/2025,TRANSFER | UPI20250315000192561 | ALLA BAKASH | U@0136041,,157.00,"4,571.82"
14/03/2025,TRANSFER | UPI20250314000358894 | UJJWAL GOWDA | U@0470906,,27.00,"4,728.82"
14/03/2025,TRANSFER | UPI20250314000357123 | SHANESHWRA STORE | U@0470632,,50.00,"4,755.82"
14/03/2025,TRANSFER | UPI20250314000048497 | ZOMATO | U@0509530,,211.30,"4,805.82"
13/03/2025,TRANSFER | UPI20250313000458813 | NABIRASUL | U@0388954,,10.00,"5,017.12"
13/03/2025,TRANSFER | UPI20250313000455757 | MANJUNATH C P | U@0591049,,100.00,"5,027.12"
13/03/2025,TRANSFER | UPI20250313000445794 | ZOMATO | U@0486120,,186.45,"5,127.12"
13/03/2025,TRANSFER | UPI20250313000272758 | MIAMI SUPERMARKET | U@0154080,,85.00,"5,313.57"
13/03/2025,TRANSFER | UPI20250313000271696 | MIAMI SUPERMARKET | U@0253178,,174.00,"5,398.57"
12/03/2025,TRANSFER | UPI20250312000061277 | VANI H V | U@0312386,,500.00,"5,572.57"
11/03/2025,TRANSFER | UPI20250311000277323 | Zomato Online Order | U@0154350,,286.45,"6,072.57"
11/03/2025,TRANSFER | UPI20250311000258983 | ACT Broadband | U@0250388,,883.82,"6,359.02"
10/03/2025,TRANSFER | UPI20250310001637008 | LEKHRAJ P | U@1722269,,"5,000.00","7,242.84"
10/03/2025,TRANSFER | UPI20250310001540434 | APOLLO PHARMACIES | U@1607354,,"1,109.75","12,242.84"
10/03/2025,TRANSFER | UPI20250310001391807 | V M HARISH POMMAR | U@1273950,,100.00,"13,352.59"
09/03/2025,TRANSFER | UPI20250310000933609 | ZOMATO | U@0985701,,198.70,"13,452.59"
09/03/2025,TRANSFER | UPI20250310000844428 | SHASHI KUMAR | U@0967416,,164.00,"13,651.29"
08/03/2025,TRANSFER | UPI20250310000413285 | ARUN KUMAR S V | U@0578824,,181.00,"13,815.29"
08/03/2025,TRANSFER | UPI20250310000108495 | Zomato Ltd | U@0321648,,654.90,"13,996.29"
07/03/2025,TRANSFER | UPI20250307000242987 | Zomato Ltd | U@0246708,,266.95,"14,651.19"
07/03/2025,TRANSFER | UPI20250307000143386 | ZOMATO | U@0227593,,177.44,"14,918.14"
07/03/2025,TRANSFER | UPI20250307000045778 | ANUROOPA T P | U@0508659,,30.00,"15,095.58"
06/03/2025,TRANSFER | UPI20250306000204302 | Zomato Ltd | U@0539996,,554.60,"15,125.58"
05/03/2025,TRANSFER | UPI20250305000426305 | MANJUNATH C P | U@0184951,,75.00,"15,680.18"
05/03/2025,TRANSFER | UPI20250305000420894 | NH | U@0382997,"1,500.00",,"15,755.18"
05/03/2025,TRANSFER | UPI20250305000178706 | RANGANATHA B S | U@0335103,,30.00,"14,255.18"
04/03/2025,TRANSFER | ECS-BD-IndusindBankLoan | TIAJ11517717 | Z@ED40231,,"11,377.00","14,285.18"
04/03/2025,TRANSFER | UPI20250304000026846 | UJJWAL GOWDA | U@0505890,,27.00,"25,662.18"
03/03/2025,TRANSFER | UPI20250303001876628 | ASHA K J | U@2611919,,100.00,"25,689.18"
03/03/2025,TRANSFER | UPI20250303001849226 | MIAMI SUPERMARKET | U@2330756,,174.00,"25,789.18"
03/03/2025,TRANSFER | UPI20250303001838804 | Mr GIRISH G T | U@2514499,,150.00,"25,963.18"
03/03/2025,TRANSFER | UPI20250303001701312 | V M HARISH POMMAR | U@2037572,,100.00,"26,113.18"
03/03/2025,TRANSFER | UPI20250303001684169 | RAJAMURTHY RANGAPA | U@2130859,,100.00,"26,213.18"
03/03/2025,TRANSFER | UPI20250303001681926 | SANTHOSH O P | U@1777272,,60.00,"26,313.18"
02/03/2025,TRANSFER | UPI20250303000328463 | Amazon Pay India Pvt Ltd | U@0905830,499.00,,"26,373.18"
01/03/2025,TRANSFER | UPI20250301000605724 | Jothitalk | U@1683046,,59.00,"25,874.18"
01/03/2025,TRANSFER | UPI20250301000578384 | Jothitalk | U@1978826,,59.00,"25,933.18"
01/03/2025,TRANSFER | UPI20250301000459100 | SHASHIKUMAR V | U@2051804,,40.00,"25,992.18"
01/03/2025,TRANSFER | UPI20250301000321388 | SUDHA BAI K T | U@1827573,,130.00,"26,032.18"
01/03/2025,TRANSFER | UPI20250301000298231 | H RANJITHA | U@2020633,,260.00,"26,162.18"
28/02/2025,TRANSFER | UPI20250228000486961 | MANGAL SINGH | U@0496512,,60.00,"26,422.18"
28/02/2025,TRANSFER | UPI20250228000402156 | Mr GANGADHAR M | U@0377645,,60.00,"26,482.18"
28/02/2025,TRANSFER | UPI20250228000384158 | UMESH S | U@0635643,,65.00,"26,542.18"
28/02/2025,TRANSFER | UPI20250228000383706 | UMESH S | U@0274620,,10.00,"26,607.18"
28/02/2025,TRANSFER | UPI20250228000347205 | KRISHNAKS SO SANNAKKAYA | U@0468968,,350.00,"26,617.18"
27/02/2025,TRANSFER | UPI20250227000462998 | KARTHIK H N | U@0293278,"11,380.00",,"26,967.18"
27/02/2025,TRANSFER | UPI20250227000198729 | Delhivery Limited | U@0240507,,"1,432.00","15,587.18"
27/02/2025,TRANSFER | UPI20250227000131642 | Zomato Ltd | U@0226448,,200.10,"17,019.18"
26/02/2025,TRANSFER | UPI20250226000382213 | KARTHIK H N | U@0476012,,100.00,"17,219.28"
26/02/2025,TRANSFER | UPI20250226000258583 | Mr GIRISH G T | U@0451290,,35.00,"17,319.28"
26/02/2025,TRANSFER | UPI20250226000211308 | UMESH S | U@0341753,,75.00,"17,354.28"
26/02/2025,TRANSFER | UPI20250226000202687 | Ananda G | U@0538153,,"1,000.00","17,429.28"
26/02/2025,TRANSFER | UPI20250226000135213 | SAVITHA B R | U@0525368,,60.00,"18,429.28"
26/02/2025,TRANSFER | UPI20250226000122780 | CRED | U@0323536,,"4,190.26","18,489.28"
25/02/2025,TRANSFER | UPI20250225000257358 | ZOMATO LIMITED | U@0251021,,382.45,"22,679.54"
24/02/2025,TRANSFER | UPI20250224001360225 | MAYUR TEXTILE SHOWROOM | U@1649198,,300.00,"23,061.99"
24/02/2025,TRANSFER | UPI20250224001356945 | UJJWAL GOWDA | U@1463111,,24.00,"23,361.99"
24/02/2025,TRANSFER | UPI20250224001352320 | Mr GIRISH G T | U@1462323,,120.00,"23,385.99"
24/02/2025,TRANSFER | UPI20250224001241726 | KARTHIK H N | U@1440324,,500.00,"23,505.99"
24/02/2025,TRANSFER | UPI20250224001127593 | Amazon Pay | U@1222213,,"1,498.00","23,005.99"
23/02/2025,TRANSFER | UPI20250224000695371 | Jai Maruthi Chicken Center | U@1032674,,280.00,"24,503.99"
22/02/2025,TRANSFER | UPI20250224000355745 | Mr MANJUNATHA G | U@0170278,,63.00,"24,783.99"
22/02/2025,TRANSFER | UPI20250224000353807 | UJJWAL GOWDA | U@0570823,,27.00,"24,846.99"
22/02/2025,TRANSFER | UPI20250224000348605 | RAGHUNATHA H | U@0466253,,90.00,"24,873.99"
22/02/2025,TRANSFER | UPI20250224000345096 | LAKSHMAMMA | U@0569099,,35.00,"24,963.99"
22/02/2025,TRANSFER | UPI20250224000342712 | MANJULA | U@0568618,,140.00,"24,998.99"
22/02/2025,TRANSFER | UPI20250224000189914 | ZOMATO | U@0436203,,261.70,"25,138.99"
21/02/2025,TRANSFER | UPI20250221000479335 | KARTHIK H N | U@0596312,,"1,000.00","25,400.69"
21/02/2025,TRANSFER | UPI20250221000218285 | KRISHNA PAN SHOP | U@0443432,,10.00,"26,400.69"
21/02/2025,TRANSFER | UPI20250221000216049 | H N PRAKASH | U@0542639,,25.00,"26,410.69"
21/02/2025,TRANSFER | UPI20250221000089623 | CHANDANA V | U@0116028,,"1,000.00","26,435.69"
21/02/2025,TRANSFER | UPI20250221000061201 | S L N COFFEE PRIVATE LIMITED | U@0512186,,40.00,"27,435.69"
21/02/2025,TRANSFER | UPI20250221000038762 | S D GANESH | U@0106774,,50.00,"27,475.69"
21/02/2025,CASH W/D | 21FEB25 ELECTRO 04:57:31 | IN023448INR 482.00 | Clean Slate Cafe | A89500001,,482.00,"27,525.69"
20/02/2025,TRANSFER | UPI20250220000386419 | SIDDALINGA PRASAD | U@0377101,,235.00,"28,007.69"
20/02/2025,TRANSFER | UPI20250220000296171 | AMALA M C | U@0560425,,65.00,"28,242.69"
20/02/2025,TRANSFER | UPI20250220000292304 | ANIL K | U@0357742,,106.00,"28,307.69"
20/02/2025,TRANSFER | UPI20250220000202333 | SHRADDHAA M | U@0237791,,450.00,"28,413.69"
20/02/2025,TRANSFER | UPI20250220000153339 | HOTEL MAJESTIC | U@0228528,,140.00,"28,863.69"
20/02/2025,TRANSFER | UPI20250220000145834 | K N KRISHNAMURTHY | U@0429079,,"1,000.00","29,003.69"
20/02/2025,TRANSFER | UPI20250220000140280 | MASULDAR MAHMMADSIDDIQ ISAK | U@0427860,,"1,300.00","30,003.69"
20/02/2025,TRANSFER | UPI20250220000134093 | Fair Deal | U@0326485,,750.00,"31,303.69"
20/02/2025,TRANSFER | UPI20250220000022717 | UJJWAL GOWDA | U@0204211,,27.00,"32,053.69"
20/02/2025,TRANSFER | UPI20250220000022514 | Mr MANJUNATHA G | U@0404693,,20.00,"32,080.69"
19/02/2025,TRANSFER | UPI20250219000212738 | KARTHIK H N | U@0443506,,600.00,"32,100.69"
19/02/2025,TRANSFER | UPI20250219000125302 | SATHISH P | U@0525048,,50.00,"32,700.69"
19/02/2025,TRANSFER | UPI20250219000119059 | SINDHU C | U@0424401,,500.00,"32,750.69"
19/02/2025,TRANSFER | UPI20250219000079292 | SATISHA K | U@0316226,,170.00,"33,250.69"
19/02/2025,TRANSFER | UPI20250219000022038 | Mr MANJUNATHA G | U@0404843,,50.00,"33,420.69"
19/02/2025,TRANSFER | UPI20250219000021640 | UJJWAL GOWDA | U@0203646,,27.00,"33,470.69"
18/02/2025,TRANSFER | UPI20250218000289632 | AMALA M C | U@0357670,,100.00,"33,497.69"
18/02/2025,TRANSFER | UPI20250218000281921 | M MAHADEVASWAMY | U@0356073,,40.00,"33,597.69"
17/02/2025,TRANSFER | UPI20250217000915075 | ZOMATO | U@1075329,,200.80,"33,637.69"
17/02/2025,TRANSFER | UPI20250217000865345 | Mrs JAYALAKSHMI | U@0969262,,20.00,"33,838.49"
17/02/2025,TRANSFER | UPI20250217000653796 | ZOMATO LIMITED | U@0731559,,150.84,"33,858.49"
16/02/2025,TRANSFER | UPI20250217000437738 | ZOMATO | U@0585184,,227.05,"34,009.33"
16/02/2025,TRANSFER | UPI20250217000234209 | ZOMATO | U@0147842,,177.70,"34,236.38"
16/02/2025,TRANSFER | UPI20250217000026769 | ZOMATO LIMITED | U@0204778,,184.00,"34,414.08"
15/02/2025,TRANSFER | UPI20250215000306157 | ZOMATO LIMITED | U@0559934,,262.75,"34,598.08"
15/02/2025,TRANSFER | UPI20250215000268163 | REJINA BALAN P P | U@0352633,,170.00,"34,860.83"
15/02/2025,TRANSFER | UPI20250215000265919 | RAGHUNATHA H | U@0451964,,60.00,"35,030.83"
15/02/2025,TRANSFER | UPI20250215000207894 | SANTHOSH O P | U@0440685,,40.00,"35,090.83"
15/02/2025,TRANSFER | UPI20250215000133064 | SANTHOSH O P | U@0125434,,80.00,"35,130.83"
14/02/2025,TRANSFER | UPI20250214000384166 | NAGARAJAPPA S C | U@0473190,,107.00,"35,210.83"
14/02/2025,TRANSFER | UPI20250214000357814 | MANIKANTA T R | U@0169625,,20.00,"35,317.83"
14/02/2025,TRANSFER | UPI20250214000294983 | MADHU J V | U@0258674,,10.00,"35,337.83"
14/02/2025,TRANSFER | UPI20250214000279252 | MOHAN KUMAR G | U@0356243,,20.00,"35,347.83"
14/02/2025,TRANSFER | UPI20250214000185015 | KARTHIK H N | U@0536638,,"2,500.00","35,367.83"
13/02/2025,TRANSFER | UPI20250213000026432 | snaveenkumars4-2@okaxis | U@0204612,,"1,000.00","37,867.83"
11/02/2025,TRANSFER | UPI20250211000460232 | LEKHRAJ P | U@0288265,,"5,000.00","38,867.83"
11/02/2025,TRANSFER | UPI20250211000403991 | NABIRASUL | U@0378893,,66.00,"43,867.83"
11/02/2025,TRANSFER | UPI20250211000401485 | MANGAL SINGH | U@0577894,,60.00,"43,933.83"
10/02/2025,TRANSFER | UPI20250210001443032 | Meesho | U@1961906,,252.00,"43,993.83"
09/02/2025,TRANSFER | UPI20250210000657700 | Mrs JAYALAKSHMI | U@1306599,,10.00,"44,245.83"
09/02/2025,TRANSFER | UPI20250210000636106 | CRED | U@1503853,,883.82,"44,255.83"
09/02/2025,TRANSFER | UPI20250210000606806 | Jio | U@0820436,,902.00,"45,139.65"
09/02/2025,TRANSFER | UPI20250210000606248 | KARTHIK H N | U@1019155,,200.00,"46,041.65"
07/02/2025,TRANSFER | UPI20250207000543459 | Meesho | U@0708291,,95.00,"46,241.65"
07/02/2025,TRANSFER | UPI20250207000290571 | YETISH T N | U@0455075,,300.00,"46,336.65"
06/02/2025,TRANSFER | UPI20250206000212461 | AstroSage | U@0143449,,59.00,"46,636.65"
05/02/2025,TRANSFER | UPI20250205000433206 | Mr MANJUNATHA G | U@0385565,,35.00,"46,695.65"
05/02/2025,TRANSFER | UPI20250205000431334 | MANJUNATH C P | U@0484511,,125.00,"46,730.65"
05/02/2025,TRANSFER | UPI20250205000388328 | AstroSage | U@0645612,,118.00,"46,855.65"
05/02/2025,TRANSFER | UPI20250205000301144 | KULDEEP | U@0359142,,20.00,"46,973.65"
05/02/2025,TRANSFER | UPI20250205000300135 | VINAYA KUMAR B S | U@0358924,,460.00,"46,993.65"
05/02/2025,TRANSFER | UPI20250205000287193 | ANITHA J | U@0456231,,40.00,"47,453.65"
05/02/2025,TRANSFER | UPI20250205000184941 | SUDHA BAI K T | U@0135411,,145.00,"47,493.65"
05/02/2025,TRANSFER | UPI20250205000144694 | BMTC BUS KA57F6479 | U@0328509,,28.00,"47,638.65"
04/02/2025,TRANSFER | ECS-BD-IndusindBankLoan | TIAJ11372114 | Z@ED45169,,"11,377.00","47,666.65"
03/02/2025,TRANSFER | UPI20250203001722454 | V M HARISH POMMAR | U@1940518,,100.00,"59,043.65"
02/02/2025,TRANSFER | UPI20250203000082125 | ZOMATO | U@0317005,,223.90,"59,143.65"
01/02/2025,TRANSFER | UPI20250201000176783 | SHAFIULLA A | U@0435042,,115.00,"59,367.55"
29/01/2025,TRANSFER | UPI20250129000270939 | Ankithagowda S | U@0629349,,80.00,"59,482.55"
29/01/2025,TRANSFER | UPI20250129000109497 | UPI Credit for reference | U@0120994,,434.00,"59,562.55"
28/01/2025,TRANSFER | UPI20250128000313581 | KIRANA B J | U@0643313,,95.00,"59,128.55"
28/01/2025,TRANSFER | UPI20250128000187515 | Biggies Burger AECS Layout | U@0618100,,537.00,"59,223.55"
28/01/2025,TRANSFER | UPI20250128000155052 | Biggies Burger AECS Layout | U@0430917,,281.00,"59,760.55"
28/01/2025,TRANSFER | UPI20250128000151265 | SHASHIDHARA G R | U@0610683,,66.00,"60,041.55"
28/01/2025,TRANSFER | UPI20250128000104151 | SHANKARANANDA O | U@0218492,,60.00,"60,107.55"
27/01/2025,TRANSFER | UPI20250127001405515 | RAGHUNATHA H | U@1177466,,60.00,"60,167.55"
27/01/2025,TRANSFER | UPI20250127001403602 | Mr GIRISH G T | U@1277101,,70.00,"60,227.55"
27/01/2025,TRANSFER | UPI20250127001390127 | MANGAL SINGH | U@1274437,,20.00,"60,297.55"
26/01/2025,TRANSFER | UPI20250127000676832 | ZOMATO | U@0635001,,233.75,"60,317.55"
26/01/2025,TRANSFER | UPI20250127000671397 | Razorpay | U@0731614,196.60,,"60,551.30"
26/01/2025,TRANSFER | UPI20250127000666857 | Zomato Online Order | U@0633092,,196.60,"60,354.70"
26/01/2025,TRANSFER | UPI20250127000597163 | CRED | U@0916318,,"4,199.17","60,551.30"
25/01/2025,TRANSFER | UPI20250127000354097 | KARTHIK H N | U@0169048,,500.00,"64,750.47"
25/01/2025,TRANSFER | UPI20250127000210087 | PAAKASHALA MALLESHWARAM Fine Dine | U@0440893,,304.00,"65,250.47"
25/01/2025,TRANSFER | UPI20250127000185785 | MALLESWARAM DOSE CORNER | U@0335313,,160.00,"65,554.47"
25/01/2025,TRANSFER | UPI20250127000175527 | KARTHIK H N | U@0534908,"50,000.00",,"65,714.47"
25/01/2025,TRANSFER | UPI20250127000135853 | P V SWEETS | U@0125441,,130.00,"15,714.47"
25/01/2025,TRANSFER | UPI20250127000131510 | P V SWEETS | U@0525958,,65.00,"15,844.47"
25/01/2025,TRANSFER | UPI20250127000129707 | RAVI KUMAR M | U@0324517,,110.00,"15,909.47"
25/01/2025,ATM | KA SGST @ 9.00000000 | GS2502780000059203 | A99900539,,85.10,"16,019.47"
25/01/2025,ATM | KA CGST @ 9.00000000 | GS2502780000059202 | A99900539,,85.10,"16,104.57"
25/01/2025,ATM | 25JAN25 ELECTRO 04:24:58 | GB013918GBP 252.00 | DC Overseas Overseas Trx | ASSOCIATION OF CHARTERED | A89500001,,"27,016.45","16,189.67"
25/01/2025,ATM | DC Overses MarkupFee | A99900539,,945.58,"43,206.12"
24/01/2025,TRANSFER | UPI20250124000430317 | Manjunath A | U@0584806,,307.00,"44,151.70"
24/01/2025,TRANSFER | UPI20250124000259615 | ASHOK KUMAR K H | U@0250526,,200.00,"44,458.70"
24/01/2025,TRANSFER | UPI20250124000257717 | MAHAMMAD SINANUDDEEN | U@0450603,,70.00,"44,658.70"
24/01/2025,TRANSFER | UPI20250124000256696 | Mr Rahul Kumar Saw | U@0350764,,100.00,"44,728.70"
24/01/2025,TRANSFER | UPI20250124000230738 | VINAYAK DEVADIGA | U@0545056,,160.00,"44,828.70"
24/01/2025,TRANSFER | UPI20250124000208215 | AISHWARYA N | U@0239634,,60.00,"44,988.70"
23/01/2025,TRANSFER | UPI20250123000438268 | YASHASWINI H | U@0386582,"6,016.00",,"45,048.70"
23/01/2025,TRANSFER | UPI20250123000431566 | YASHASWINI H | U@0187054,"21,000.00",,"39,032.70"
23/01/2025,TRANSFER | UPI20250123000295416 | YALLALINGA | U@0456528,,58.00,"18,032.70"
23/01/2025,TRANSFER | UPI20250123000225679 | Biggies Burger AECS Layout | U@0443081,,135.00,"18,090.70"
23/01/2025,TRANSFER | UPI20250123000218961 | Biggies Burger AECS Layout | U@0243754,,363.00,"18,225.70"
23/01/2025,TRANSFER | UPI20250123000217532 | SAMU R | U@0144796,,50.00,"18,588.70"
23/01/2025,TRANSFER | UPI20250123000182197 | AADVITHAS SPICE KITCHEN | U@0434337,,198.00,"18,638.70"
23/01/2025,TRANSFER | UPI20250123000123905 | VINOD | U@0522551,,80.00,"18,836.70"
21/01/2025,TRANSFER | UPI20250121000285348 | SWATHI DELICACY VEG | U@0456098,,750.00,"18,916.70"
21/01/2025,TRANSFER | UPI20250121000101690 | YETISH T N | U@0119901,,150.00,"19,666.70"
18/01/2025,TRANSFER | UPI20250118000368674 | Dinesh Reddy P | U@0372814,,50.00,"19,816.70"
18/01/2025,TRANSFER | UPI20250118000311251 | COFFEE DAY GLOBAL LIMITED | U@0561725,,560.00,"19,866.70"
18/01/2025,TRANSFER | UPI20250118000296369 | LIFE CARE MEDICALS 2 | U@0456730,,44.00,"20,426.70"
18/01/2025,TRANSFER | UPI20250118000292605 | Sri Balaji Juice and Chats | U@0258077,,60.00,"20,470.70"
18/01/2025,TRANSFER | UPI20250118000264536 | VANI H V | U@0151326,,500.00,"20,530.70"
18/01/2025,TRANSFER | UPI20250118000263243 | MANJAMMA | U@0450196,,500.00,"21,030.70"
18/01/2025,TRANSFER | UPI20250118000210713 | SRI SIDDIVINAYAKA VENTURES | U@0340735,,65.00,"21,530.70"
18/01/2025,TRANSFER | UPI20250118000091428 | SUBRAMANYA CHARI | U@0519062,,348.00,"21,595.70"
18/01/2025,TRANSFER | UPI20250118000049895 | LATHA | U@0308639,,15.00,"21,943.70"
17/01/2025,TRANSFER | UPI20250117000429746 | KARTHIK H N | U@0183762,,60.00,"21,958.70"
17/01/2025,TRANSFER | UPI20250117000273350 | KARTHIK H N | U@0453820,,50.00,"22,018.70"
17/01/2025,TRANSFER | UPI20250117000270596 | SHASHIKUMAR V | U@0351713,,50.00,"22,068.70"
17/01/2025,TRANSFER | UPI20250117000234369 | WOKNSTOVE FOODWORKS PRIVATE LIMITED | U@0246312,,40.00,"22,118.70"
17/01/2025,TRANSFER | UPI20250117000221466 | Aarthi Narayan Kamat | U@0244140,,565.00,"22,158.70"
16/01/2025,TRANSFER | UPI20250116000312517 | MANJUNATH C P | U@0359696,,330.00,"22,723.70"
16/01/2025,TRANSFER | UPI20250116000311304 | UJJWAL GOWDA | U@0561209,,27.00,"23,053.70"
16/01/2025,TRANSFER | UPI20250116000020231 | NABIRASUL | U@0403898,,20.00,"23,080.70"
14/01/2025,TRANSFER | UPI20250114000355114 | UJJWAL GOWDA | U@0169573,,27.00,"23,100.70"
14/01/2025,TRANSFER | UPI20250114000331327 | LATHA | U@0364898,,27.00,"23,127.70"
13/01/2025,TRANSFER | UPI20250113001468633 | MIAMI SUPERMARKET | U@1385797,,103.00,"23,154.70"
13/01/2025,TRANSFER | UPI20250113001464211 | Mr GIRISH G T | U@1487569,,100.00,"23,257.70"
13/01/2025,TRANSFER | UPI20250113001316824 | CHETHAN P | U@1356352,,60.00,"23,357.70"
12/01/2025,TRANSFER | UPI20250113000835151 | M L SATHISHKUMAR | U@0963163,,96.00,"23,417.70"
12/01/2025,TRANSFER | UPI20250113000795590 | KARTHIK H N | U@0756460,,100.00,"23,513.70"
12/01/2025,TRANSFER | UPI20250113000773292 | Polar Bear Malleshwaram | U@0850976,,394.00,"23,613.70"
12/01/2025,TRANSFER | UPI20250113000723087 | BHAVYA A | U@1040997,,186.00,"24,007.70"
12/01/2025,TRANSFER | UPI20250113000709454 | KARTHIK H N | U@0640810,,50.00,"24,193.70"
12/01/2025,TRANSFER | UPI20250113000702726 | BHAVYA A | U@0937493,,649.00,"24,243.70"
12/01/2025,TRANSFER | UPI20250113000698961 | KARTHIK H N | U@0936677,,60.00,"24,892.70"
12/01/2025,TRANSFER | UPI20250113000633717 | RAMESH B N | U@0824571,,85.00,"24,952.70"
12/01/2025,ATM | KA SGST @ 9.00000000 | GS2501380000316903 | A99900526,,45.90,"25,037.70"
12/01/2025,ATM | KA CGST @ 9.00000000 | GS2501380000316902 | A99900526,,45.90,"25,083.60"
12/01/2025,ATM | 12JAN25 ELECTRO 02:02:03 | GB077579GBP 137.00 | DC Overseas Overseas Trx | ASSOCIATION OF CHARTERED | A89500001,,"14,572.41","25,129.50"
12/01/2025,ATM | DC Overses MarkupFee | A99900526,,510.03,"39,701.91"
11/01/2025,TRANSFER | UPI20250113000530601 | VARSHITHA N | U@0903437,180.00,,"40,211.94"
10/01/2025,TRANSFER | UPI20250110000438512 | LEKHRAJ P | U@0387107,,"5,000.00","40,031.94"
10/01/2025,TRANSFER | UPI20250110000435015 | KARTHIK H N | U@0484925,,50.00,"45,031.94"
10/01/2025,TRANSFER | UPI20250110000298335 | Pushpalatha S D | U@0258257,,50.00,"45,081.94"
10/01/2025,TRANSFER | UPI20250110000297418 | Bangalore Metro Rail Corporation Lt | U@0358812,,20.90,"45,131.94"
10/01/2025,TRANSFER | UPI20250110000290503 | PUSHPALATHA S D | U@0156101,,100.00,"45,152.84"
10/01/2025,TRANSFER | UPI20250110000275748 | Mantri Square Mall-DW | U@0354774,,271.00,"45,252.84"
10/01/2025,TRANSFER | UPI20250110000272110 | GOPIZZA INDIA P LTD | U@0553145,,424.00,"45,523.84"
10/01/2025,TRANSFER | UPI20250110000205118 | YASHASWINI H | U@0239460,472.00,,"45,947.84"
10/01/2025,TRANSFER | UPI20250110000201487 | YASHASWINI H | U@0138894,"14,100.00",,"45,475.84"
09/01/2025,TRANSFER | UPI20250109000116391 | CRED | U@0523320,,983.83,"31,375.84"
07/01/2025,TRANSFER | UPI20250107000369380 | VARSHITHA N | U@0174747,"3,550.00",,"32,359.67"
07/01/2025,TRANSFER | UPI20250107000353817 | NABIRASUL | U@0171694,,39.00,"28,809.67"
07/01/2025,TRANSFER | UPI20250107000349686 | LATHA | U@0368849,,10.00,"28,848.67"
07/01/2025,TRANSFER | UPI20250107000087908 | KARTHIK H N | U@0216404,"6,000.00",,"28,858.67"
06/01/2025,TRANSFER | UPI20250106001017776 | Mrs JAYALAKSHMI | U@1201196,,35.00,"22,858.67"
06/01/2025,TRANSFER | UPI20250106001012656 | ANJANEYA D T | U@0899298,,40.00,"22,893.67"
06/01/2025,TRANSFER | UPI20250106000992955 | Mrs JAYALAKSHMI | U@1178219,,80.00,"22,933.67"
06/01/2025,TRANSFER | UPI20250106000985777 | UJJWAL GOWDA | U@0893943,,27.00,"23,013.67"
06/01/2025,TRANSFER | UPI20250106000981371 | GIDDAPPA | U@0794019,,10.00,"23,040.67"
06/01/2025,TRANSFER | UPI20250106000977359 | VEERA KYATAPPA | U@0793274,,198.00,"23,050.67"
06/01/2025,TRANSFER | UPI20250106000867654 | VENUGOPAL S | U@0968884,,284.00,"23,248.67"
06/01/2025,TRANSFER | UPI20250106000833715 | Delhivery Limited | U@0863559,,400.00,"23,532.67"
05/01/2025,TRANSFER | UPI20250106000492768 | MANJUNATH C P | U@0297238,,60.00,"23,932.67"
05/01/2025,TRANSFER | UPI20250106000254628 | SMARTSHIFT LOGISTICS SOLUTIONS PRIV | U@0549833,,266.00,"23,992.67"
04/01/2025,TRANSFER | UPI20250104000204757 | MEDISELLER | U@0713430,,150.00,"24,258.67"
04/01/2025,TRANSFER | UPI20250104000170596 | Zomato Online Order | U@0806642,,348.35,"24,408.67"
04/01/2025,TRANSFER | ECS-BD-IndusindBankLoan | TIAJ11158593 | Z@ED48824,,"11,377.00","24,757.02"
03/01/2025,TRANSFER | UPI20250103001216977 | ROSHAN ZAMEER | U@1342863,,330.00,"36,134.02"
03/01/2025,TRANSFER | UPI20250103001048838 | Mr RAVINDRA K | U@1506549,,347.00,"36,464.02"
03/01/2025,TRANSFER | UPI20250103001047149 | SYED BASID | U@1407549,,20.00,"36,811.02"
03/01/2025,TRANSFER | UPI20250103001026355 | Zomato Ltd | U@1105915,,518.95,"36,831.02"
03/01/2025,TRANSFER | UPI20250103000406507 | Mrs JAYALAKSHMI | U@0281868,,5.00,"37,349.97"
03/01/2025,TRANSFER | UPI20250103000405452 | Mrs JAYALAKSHMI | U@0480798,,30.00,"37,354.97"
03/01/2025,TRANSFER | UPI20250103000404708 | NABIRASUL | U@0381181,,20.00,"37,384.97"
01/01/2025,INTEREST | CREDIT INTEREST | FROM OCT24 TO DEC24 | ZDD400001,370.70,,"37,404.97"
01/01/2025,TRANSFER | UPI20250101000187985 | MANJUNATHA M | U@0137489,,60.00,"37,034.27"
01/01/2025,TRANSFER | UPI20250101000154003 | NARAYANA SWAMY S O RANGANARASIMHAIA | U@0329099,,73.00,"37,094.27"
31/12/2024,TRANSFER | UPI20241231000317476 | Anil Kumar K | U@0630148,,215.00,"37,167.27"
31/12/2024,TRANSFER | UPI20241231000278290 | INDRADEVIJAT | U@0253773,,90.00,"37,382.27"
31/12/2024,TRANSFER | UPI20241231000273613 | SRI GANESH PHARMA | U@0553656,,550.00,"37,472.27"
31/12/2024,TRANSFER | UPI20241231000252718 | RAMCHANDRA | U@0450384,,85.00,"38,022.27"
31/12/2024,TRANSFER | UPI20241231000226333 | MAHESH LABORATORY | U@0544122,,"1,750.00","38,107.27"
31/12/2024,TRANSFER | UPI20241231000223468 | BAGLODY MAHESH | U@0444506,,700.00,"39,857.27"
31/12/2024,TRANSFER | UPI20241231000197030 | G D MUNI RAJU | U@0139744,,221.00,"40,557.27"
30/12/2024,TRANSFER | UPI20241230001365227 | JAGADISH BORAGONDANAHALLI SHADAKSHR | U@1367493,,40.00,"40,778.27"
30/12/2024,TRANSFER | UPI20241230001301839 | MANJUNATHA M | U@1159863,,65.00,"40,818.27"
30/12/2024,TRANSFER | UPI20241230001224711 | MC DONALDS | U@1437094,,234.00,"40,883.27"
30/12/2024,TRANSFER | UPI20241230001196672 | VARSHITHA N | U@1431747,,210.00,"41,117.27"
30/12/2024,TRANSFER | UPI20241230001178690 | Biggies Burger AECS Layout | U@1135829,,418.00,"40,907.27"
30/12/2024,TRANSFER | UPI20241230001085605 | HOSALAPPA BASAVARAJU | U@1311885,,50.00,"41,325.27"
29/12/2024,TRANSFER | UPI20241230000926752 | SHASHANK D M | U@1078558,,45.00,"41,375.27"
29/12/2024,TRANSFER | UPI20241230000546021 | ZOMATO | U@0610649,,197.44,"41,420.27"
29/12/2024,TRANSFER | UPI20241230000541475 | SHINOJ PIRUKKINTE PARAMBATH | U@0609382,,40.00,"41,617.71"
28/12/2024,TRANSFER | UPI20241230000363409 | KARTHIK H N | U@0270808,,200.00,"41,657.71"
28/12/2024,TRANSFER | UPI20241230000276679 | MANGAL SINGH | U@0555343,,40.00,"41,857.71"
28/12/2024,TRANSFER | UPI20241230000160928 | MANJUNATH M R | U@0130332,,84.00,"41,897.71"
28/12/2024,TRANSFER | UPI20241230000136415 | NEW AGARWAL BHAVAN DASANPURA | U@0125676,,40.00,"41,981.71"
28/12/2024,TRANSFER | UPI20241230000132305 | NEW AGARWAL BHAVAN DASANPURA | U@0527001,,231.00,"42,021.71"
28/12/2024,TRANSFER | UPI20241230000116413 | MOHAN KUMAR N | U@0222405,,78.00,"42,252.71"
27/12/2024,TRANSFER | UPI20241227000082579 | VEERA KYATAPPA | U@0516387,,217.00,"42,330.71"
27/12/2024,TRANSFER | UPI20241227000041537 | ZOMATO | U@0408022,,182.32,"42,547.71"
26/12/2024,TRANSFER | UPI20241226000822769 | NABIRASUL | U@0761448,,29.00,"42,730.03"
26/12/2024,TRANSFER | UPI20241226000712238 | ZOMATO | U@0936472,,169.45,"42,759.03"
26/12/2024,TRANSFER | UPI20241226000610201 | CRED | U@0819736,,"4,207.97","42,928.48"
25/12/2024,TRANSFER | UPI20241226000418140 | NAGALAKSHMI V | U@0482213,,6.00,"47,136.45"
24/12/2024,TRANSFER | UPI20241224000018543 | Niranjan Murthy | U@0303450,,200.00,"47,142.45"
23/12/2024,TRANSFER | UPI20241223000911616 | UJJWAL GOWDA | U@0781257,,27.00,"47,342.45"
23/12/2024,TRANSFER | UPI20241223000657254 | ASHWATH P N | U@0829361,,155.00,"47,369.45"
22/12/2024,TRANSFER | UPI20241223000476227 | Jothitalk | U@0295447,,59.00,"47,524.45"
22/12/2024,TRANSFER | UPI20241223000473904 | ASTROTALK | U@0594246,,59.00,"47,583.45"
22/12/2024,TRANSFER | UPI20241223000468530 | Jothitalk | U@0389747,,29.50,"47,642.45"
22/12/2024,TRANSFER | UPI20241223000385957 | NAGALAKSHMI V | U@0373847,,10.00,"47,671.95"
22/12/2024,TRANSFER | UPI20241223000384195 | MEGHA B | U@0373523,,105.00,"47,681.95"
22/12/2024,TRANSFER | UPI20241223000359540 | MANJUNATH C P | U@0470435,,30.00,"47,786.95"
22/12/2024,TRANSFER | UPI20241223000188678 | KARTHIK H N | U@0536802,,300.00,"47,816.95"
22/12/2024,TRANSFER | UPI20241223000179172 | ZOMATO LIMITED | U@0334338,,280.28,"48,116.95"
21/12/2024,TRANSFER | UPI20241221000405477 | UJJWAL GOWDA | U@0580258,,27.00,"48,397.23"
21/12/2024,TRANSFER | UPI20241221000394412 | Mr GIRISH G T | U@0477066,,105.00,"48,424.23"
21/12/2024,TRANSFER | UPI20241221000383208 | REVANNA N | U@0575593,,20.00,"48,529.23"
21/12/2024,TRANSFER | UPI20241221000380286 | MIAMI SUPERMARKET | U@0375403,,82.00,"48,549.23"
21/12/2024,TRANSFER | UPI20241221000361453 | LATHA | U@0470540,,15.00,"48,631.23"
21/12/2024,TRANSFER | UPI20241221000285114 | MANGAL SINGH | U@0356242,,40.00,"48,646.23"
21/12/2024,TRANSFER | UPI20241221000280306 | MANJUNATH C P | U@0355001,,20.00,"48,686.23"
21/12/2024,TRANSFER | UPI20241221000027252 | NABIRASUL | U@0505052,,13.00,"48,706.23"
21/12/2024,TRANSFER | UPI20241221000025058 | Jayalakshmi | U@0404618,,10.00,"48,719.23"
21/12/2024,TRANSFER | UPI20241221000024925 | NABIRASUL | U@0404581,,38.00,"48,729.23"
20/12/2024,TRANSFER | UPI20241220000182056 | ZOMATO LIMITED | U@0136077,,208.80,"48,767.23"
20/12/2024,TRANSFER | UPI20241220000022389 | Zomato Ltd | U@0104745,,224.50,"48,976.03"
19/12/2024,TRANSFER | UPI20241219000238821 | VENKATHESHA | U@0345483,,50.00,"49,200.53"
19/12/2024,TRANSFER | UPI20241219000200972 | N SAI KRISHNA | U@0538722,,50.00,"49,250.53"
19/12/2024,TRANSFER | UPI20241219000187680 | YAMUNAA S | U@0336385,,110.00,"49,300.53"
19/12/2024,TRANSFER | UPI20241219000151639 | VARSHITHA N | U@0230308,234.00,,"49,410.53"
19/12/2024,TRANSFER | UPI20241219000150274 | Biggies Burger AECS Layout | U@0129818,,468.00,"49,176.53"
19/12/2024,TRANSFER | UPI20241219000078043 | PRAKASHA R | U@0314870,,50.00,"49,644.53"
19/12/2024,TRANSFER | UPI20241219000018971 | NABIRASUL | U@0303647,,20.00,"49,694.53"
18/12/2024,TRANSFER | UPI20241218000369061 | MANJUNATH C P | U@0372321,,40.00,"49,714.53"
18/12/2024,TRANSFER | UPI20241218000303661 | NABIRASUL | U@0360061,,42.00,"49,754.53"
18/12/2024,TRANSFER | UPI20241218000302872 | Jayalakshmi | U@0558312,,20.00,"49,796.53"
18/12/2024,TRANSFER | UPI20241218000298969 | Jayalakshmi | U@0557670,,20.00,"49,816.53"
18/12/2024,TRANSFER | UPI20241218000295684 | RAKESH KUMAR | U@0358537,,30.00,"49,836.53"
18/12/2024,TRANSFER | UPI20241218000293342 | Raghunath Gobi Center | U@0556576,,60.00,"49,866.53"
18/12/2024,TRANSFER | UPI20241218000291594 | MIAMI SUPERMARKET | U@0357941,,229.00,"49,926.53"
17/12/2024,TRANSFER | UPI20241217000389243 | KARTHIK H N | U@0175253,,100.00,"50,155.53"
17/12/2024,TRANSFER | UPI20241217000321023 | INSTAASTRO | U@0362992,,60.18,"50,255.53"
17/12/2024,TRANSFER | UPI20241217000179178 | ZOMATO | U@0335087,,287.65,"50,315.71"
16/12/2024,TRANSFER | UPI20241216001463494 | C KUMAR | U@1486147,,235.00,"50,603.36"
16/12/2024,TRANSFER | UPI20241216001431947 | GNANE GOWDA S P | U@1182533,,50.00,"50,838.36"
16/12/2024,TRANSFER | UPI20241216001423978 | PRABHU RAM | U@1181094,,150.00,"50,888.36"
16/12/2024,TRANSFER | UPI20241216001350565 | RAMANAGOUDA | U@1561549,,61.00,"51,038.36"
16/12/2024,TRANSFER | UPI20241216001328022 | PRADEEP R | U@1359644,,215.00,"51,099.36"
16/12/2024,TRANSFER | UPI20241216001229233 | STREET FEASTS PRIVAT | U@1244074,,60.00,"51,314.36"
16/12/2024,TRANSFER | UPI20241216001204485 | STREET FEASTS PRIVAT | U@1139045,,100.00,"51,374.36"
16/12/2024,TRANSFER | UPI20241216001203985 | STREET FEASTS PRIVAT | U@1533601,,100.00,"51,474.36"
16/12/2024,TRANSFER | UPI20241216001150545 | Bangalore Metro Rail Corporation Lt | U@1229126,,"1,000.00","51,574.36"
16/12/2024,TRANSFER | UPI20241216001149296 | MOHAMMED SHAREEF | U@1423195,,50.00,"52,574.36"
16/12/2024,TRANSFER | UPI20241216001124655 | ACT Broadband | U@1418623,,883.82,"52,624.36"
14/12/2024,TRANSFER | UPI20241216000396983 | MIAMI SUPERMARKET | U@0180901,,583.00,"53,508.18"
14/12/2024,TRANSFER | UPI20241216000388989 | VEERA KYATAPPA | U@0576251,,10.00,"54,091.18"
14/12/2024,TRANSFER | UPI20241216000386892 | VEERA KYATAPPA | U@0275769,,15.00,"54,101.18"
13/12/2024,TRANSFER | UPI20241213000447593 | GOVINDASWAMY | U@0387881,,255.00,"54,116.18"
13/12/2024,TRANSFER | UPI20241213000405209 | SHANID PAZHUKKATH VA | U@0379985,,40.00,"54,371.18"
13/12/2024,TRANSFER | UPI20241213000401509 | NEETU KUMAR | U@0278822,,60.00,"54,411.18"
13/12/2024,TRANSFER | UPI20241213000397066 | SANJAY P | U@0478379,,400.00,"54,471.18"
13/12/2024,TRANSFER | UPI20241213000381095 | SRIDHAR HOLLA K N | U@0175626,,50.00,"54,871.18"
13/12/2024,TRANSFER | UPI20241213000377444 | SUDHA BAI K T | U@0273831,,130.00,"54,921.18"
13/12/2024,TRANSFER | UPI20241213000261574 | BASAVARAJA C N | U@0251346,,261.00,"55,051.18"
13/12/2024,TRANSFER | UPI20241213000211018 | Bangalore Metro Rail Corporation Lt | U@0241549,"1,000.00",,"55,312.18"
12/12/2024,TRANSFER | UPI20241212000242725 | VENAKTESH K T | U@0447964,,48.00,"54,312.18"
12/12/2024,TRANSFER | UPI20241212000127629 | Bangalore Metro Rail Corporation Lt | U@0127028,,50.00,"54,360.18"
12/12/2024,TRANSFER | UPI20241212000121144 | M H SUNIL KUMAR | U@0323153,,45.00,"54,410.18"
12/12/2024,TRANSFER | UPI20241212000120622 | Bangalore Metro Rail Corporation Lt | U@0125521,,"1,000.00","54,455.18"
11/12/2024,TRANSFER | UPI20241211000458798 | KARTHIK H N | U@0488997,,400.00,"55,455.18"
11/12/2024,HEXAGON | MPR2425ODEC0832 | B345000224720001 | M-PANELS RESEARCH SRVCS | FULL & FINAL SETTLEMENT | YHEI07791,"15,771.00",,"55,055.18"
10/12/2024,TRANSFER | UPI20241210000475226 | VARSHITHA N | U@0593486,"2,100.00",,"39,284.18"
10/12/2024,TRANSFER | UPI20241210000134329 | AMAZON SELLER SERVICES PRIVATE LIMI | U@0327141,,"1,697.25","37,184.18"
10/12/2024,TRANSFER | UPI20241210000081899 | YETISH T N | U@0515789,,"1,850.00","38,881.43"
10/12/2024,TRANSFER | UPI20241210000023540 | NABIRASUL | U@0304505,,58.00,"40,731.43"
09/12/2024,TRANSFER | UPI20241209001074255 | KARTHIK H N | U@1410453,,400.00,"40,789.43"
09/12/2024,TRANSFER | UPI20241209001002782 | Zomato Ltd | U@1100257,,227.05,"41,189.43"
09/12/2024,TRANSFER | UPI20241209000660884 | MAHADEVAIAH M SSBA | U@0829563,,20.00,"41,416.48"
09/12/2024,TRANSFER | UPI20241209000659797 | UMESH S | U@0633321,,25.00,"41,436.48"
09/12/2024,TRANSFER | UPI20241209000657982 | UMESH S | U@0727512,,90.00,"41,461.48"
08/12/2024,TRANSFER | UPI20241209000194953 | Mr MANJUNATHA G | U@0336987,,40.00,"41,551.48"
08/12/2024,TRANSFER | UPI20241209000193988 | MANJUNATH C P | U@0438912,,75.00,"41,591.48"
07/12/2024,TRANSFER | UPI20241207000399535 | LEKHRAJ P | U@0276884,,"5,000.00","41,666.48"
07/12/2024,TRANSFER | UPI20241207000354711 | PRAMOD SAHOO | U@0268433,,60.00,"46,666.48"
07/12/2024,TRANSFER | UPI20241207000345002 | New city cafe | U@0168135,,35.00,"46,726.48"
07/12/2024,TRANSFER | UPI20241207000269549 | MC DONALDS | U@0252074,,515.00,"46,761.48"
07/12/2024,TRANSFER | UPI20241207000154557 | MADHU MOHAN | U@0331682,,60.00,"47,276.48"
07/12/2024,TRANSFER | UPI20241207000129545 | LATHA | U@0224605,,15.00,"47,336.48"
06/12/2024,TRANSFER | UPI20241206000274679 | Hindustan Petroleum Corporation Lim | U@0153247,,805.50,"47,351.48"
06/12/2024,TRANSFER | UPI20241206000272355 | POKONUT | U@0355619,,474.05,"48,156.98"
06/12/2024,TRANSFER | UPI20241206000237316 | ZOMATO LIMITED | U@0246957,,184.00,"48,631.03"
05/12/2024,TRANSFER | UPI20241205000420861 | RAKESH KUMAR | U@0582931,,110.00,"48,815.03"
05/12/2024,TRANSFER | UPI20241205000419737 | RAKESH KUMAR | U@0384142,,185.00,"48,925.03"
05/12/2024,TRANSFER | UPI20241205000345594 | MAMATHA | U@0568364,,20.00,"49,110.03"
05/12/2024,TRANSFER | UPI20241205000344317 | PADMA N | U@0466007,,30.00,"49,130.03"
05/12/2024,TRANSFER | UPI20241205000336498 | Mr GIRISH G T | U@0566647,,150.00,"49,160.03"
04/12/2024,TRANSFER | UPI20241204000443599 | MANJUNATH C P | U@0840733,,20.00,"49,310.03"
04/12/2024,TRANSFER | UPI20241204000440994 | NABIRASUL | U@0840249,,38.00,"49,330.03"
04/12/2024,TRANSFER | UPI20241204000299089 | SANTHOSH O P | U@0811584,,20.00,"49,368.03"
04/12/2024,TRANSFER | ECS-BD-IndusindBankLoan | TIAJ10943046 | Z@ED55295,,"11,377.00","49,388.03"
03/12/2024,TRANSFER | UPI20241203001125895 | KUMAR | U@1423732,,269.00,"60,765.03"
03/12/2024,TRANSFER | UPI20241203001056205 | JAYARAM SHETTY | U@1509269,,130.00,"61,034.03"
03/12/2024,TRANSFER | UPI20241203001048830 | SANJAY P | U@1408622,,400.00,"61,164.03"
03/12/2024,TRANSFER | UPI20241203001034400 | SRIDHAR HOLLA K N | U@1504842,,50.00,"61,564.03"
03/12/2024,TRANSFER | UPI20241203001029768 | SUDHA BAI K T | U@1205872,,40.00,"61,614.03"
03/12/2024,TRANSFER | UPI20241203000981972 | WOW Momo Foods Pvt Ltd | U@1156498,,109.20,"61,654.03"
03/12/2024,TRANSFER | UPI20241203000888056 | SADIK U | U@0877636,,280.00,"61,763.23"
03/12/2024,TRANSFER | UPI20241203000647892 | ONE NINETY SEVEN | U@0728990,,4.00,"62,043.23"
03/12/2024,TRANSFER | UPI20241203000365113 | Mr MANJUNATHA G | U@0273617,,150.00,"62,039.23"
30/11/2024,TRANSFER | UPI20241130000562937 | NAGENDRA C M | U@0910224,,282.00,"62,189.23"
30/11/2024,TRANSFER | UPI20241130000514059 | SUDHA BAI K T | U@0900984,,180.00,"62,471.23"
30/11/2024,TRANSFER | UPI20241130000368117 | KARTHIK H N | U@0374131,"10,000.00",,"62,651.23"
30/11/2024,TRANSFER | UPI20241130000323614 | SHOBHA T | U@0462739,,200.00,"52,651.23"
30/11/2024,TRANSFER | UPI20241130000170899 | Zomato Online Order | U@0433065,,268.00,"52,851.23"
30/11/2024,TRANSFER | UPI20241130000124543 | LATHA | U@0125084,,15.00,"53,119.23"
28/11/2024,TRANSFER | UPI20241128000390960 | SANDEEP KUMAR JAGARKAL | U@0277164,,15.00,"53,134.23"
28/11/2024,TRANSFER | UPI20241128000390157 | SANDEEP KUMAR JAGARKAL | U@0375588,,20.00,"53,149.23"
28/11/2024,TRANSFER | UPI20241128000336620 | Mr RANGANATH TARIB | U@0365010,,220.00,"53,169.23"
28/11/2024,TRANSFER | UPI20241128000259368 | RAYARA DARSHINI | U@0551694,,15.00,"53,389.23"
28/11/2024,TRANSFER | UPI20241128000255576 | Redbus India Private Limited | U@0148898,,"2,097.90","53,404.23"
28/11/2024,TRANSFER | UPI20241128000248515 | RAYARA DARSHINI | U@0147451,,120.00,"55,502.13"
28/11/2024,TRANSFER | UPI20241128000247480 | EDIGA SHESHADRI | U@0347576,,150.00,"55,622.13"
28/11/2024,TRANSFER | UPI20241128000221285 | LALITHA | U@0243223,,25.00,"55,772.13"
28/11/2024,TRANSFER | UPI20241128000127126 | SRS MUTT COLLECTION AC | U@0323811,,500.00,"55,797.13"
28/11/2024,TRANSFER | UPI20241128000027664 | JANGAM PEDDA VEERESH | U@0405520,,150.00,"56,297.13"
28/11/2024,TRANSFER | UPI20241128000023531 | ARIPOGULA SUNITAMMA | U@0104313,,"1,500.00","56,447.13"
28/11/2024,CASH W/D | 28NOV24 ELECTRO 03:41:22 | IN011612INR 2195.85 | MAX HYPERMARKET INDIA | A89500001,,"2,195.85","57,947.13"
27/11/2024,TRANSFER | UPI20241127000435611 | Bangalore Metro Rail Corporation Lt | U@0384388,,200.00,"60,142.98"
27/11/2024,TRANSFER | UPI20241127000434616 | Bangalore Metro Rail Corporation Lt | U@0487800,,33.25,"60,342.98"
27/11/2024,TRANSFER | UPI20241127000433781 | BHARATH K C | U@0185341,,51.00,"60,376.23"
27/11/2024,TRANSFER | UPI20241127000383867 | RAJESH | U@0175465,,50.00,"60,427.23"
27/11/2024,TRANSFER | UPI20241127000327527 | VIRENDRA KUMAR | U@0164125,,20.00,"60,477.23"
27/11/2024,TRANSFER | UPI20241127000327357 | VIRENDRA KUMAR | U@0561322,,20.00,"60,497.23"
27/11/2024,TRANSFER | UPI20241127000251264 | NARASIMHAIAH N | U@0250361,,269.00,"60,517.23"
27/11/2024,TRANSFER | UPI20241127000083119 | Redbus India Private Limited | U@0417553,,"1,829.00","60,786.23"
26/11/2024,TRANSFER | UPI20241126000390515 | SANTHOSH | U@0477618,,50.00,"62,615.23"
26/11/2024,TRANSFER | UPI20241126000384117 | KARTHIK H N | U@0275675,,100.00,"62,665.23"
26/11/2024,TRANSFER | UPI20241126000318176 | SUDHA BAI K T | U@0262463,,60.00,"62,765.23"
26/11/2024,TRANSFER | UPI20241126000233778 | CHETHAN C | U@0544201,,264.00,"62,825.23"
26/11/2024,TRANSFER | UPI20241126000034564 | CRED | U@0506731,,"4,330.49","63,089.23"
25/11/2024,TRANSFER | UPI20241125001319900 | KANTESH LAMANI | U@1458843,,95.00,"67,419.72"
24/11/2024,TRANSFER | UPI20241125000857044 | WILSON M | U@1166867,,50.00,"67,514.72"
24/11/2024,TRANSFER | UPI20241125000812543 | DHARNISH M C | U@1057033,,50.00,"67,564.72"
23/11/2024,TRANSFER | UPI20241125000400092 | Mr GIRISH G T | U@0278385,,310.00,"67,614.72"
23/11/2024,TRANSFER | UPI20241125000108548 | LATHA | U@0120257,,35.00,"67,924.72"
22/11/2024,TRANSFER | UPI20241122000397793 | RAMESH B | U@0176653,,58.00,"67,959.72"
22/11/2024,TRANSFER | UPI20241122000359745 | VIRENDRA KUMAR | U@0570671,,20.00,"68,017.72"
22/11/2024,TRANSFER | UPI20241122000355355 | SUDHA BAI K T | U@0369312,,185.00,"68,037.72"
22/11/2024,TRANSFER | UPI20241122000275815 | MAHESH Y M | U@0152602,,280.00,"68,222.72"
22/11/2024,CASH W/D | 22NOV24 ELECTRO 03:44:38 | IN069699INR 312.01 | K208 KFC MANTRI SQUARE | A89500001,,312.01,"68,502.72"
21/11/2024,TRANSFER | UPI20241121000318963 | Vincent Raj A | U@0261655,,27.00,"68,814.73"
21/11/2024,TRANSFER | UPI20241121000254894 | FAIROZ | U@0450365,,100.00,"68,841.73"
21/11/2024,TRANSFER | UPI20241121000228584 | Roju Dutta | U@0545545,,390.00,"68,941.73"
21/11/2024,TRANSFER | UPI20241121000173711 | SHIVARAJ B S | U@0434113,,221.00,"69,331.73"
20/11/2024,TRANSFER | UPI20241120000377976 | DEEPU Y N | U@0470554,,54.00,"69,552.73"
20/11/2024,TRANSFER | UPI20241120000319195 | K208 KFC Mantri Sqr MA BGL Kiosk | U@0458575,,312.00,"69,606.73"
20/11/2024,TRANSFER | UPI20241120000241354 | RAMESHA T | U@0147756,,256.00,"69,918.73"
19/11/2024,TRANSFER | UPI20241119000263711 | MANGAL SINGH | U@0352126,,110.00,"70,174.73"
19/11/2024,TRANSFER | UPI20241119000262967 | MANJUNATH C P | U@0351974,,140.00,"70,284.73"
17/11/2024,TRANSFER | UPI20241118000449953 | KARTHIK H N | U@0190477,,500.00,"70,424.73"
17/11/2024,TRANSFER | UPI20241118000438893 | KARTHIK H N | U@0286827,,500.00,"69,924.73"
15/11/2024,TRANSFER | UPI20241115000328203 | VIShWAS CATERING | U@0264798,,50.00,"70,424.73"
15/11/2024,TRANSFER | UPI20241115000265546 | KIRAN KUMAR R | U@0152212,,256.00,"70,474.73"
15/11/2024,TRANSFER | UPI20241115000149550 | SANTHOSH O P | U@0328854,,80.00,"70,730.73"
15/11/2024,TRANSFER | UPI20241115000129610 | Mrs JAYALAKSHMI | U@0425575,,60.00,"70,810.73"
14/11/2024,TRANSFER | UPI20241114000247032 | Mohammed Yaseen | U@0348747,,45.00,"70,870.73"
14/11/2024,TRANSFER | UPI20241114000209785 | VINAYAK DEVADIGA | U@0440516,,310.00,"70,915.73"
14/11/2024,TRANSFER | UPI20241114000206691 | RANGASWAMY | U@0340758,,59.00,"71,225.73"
14/11/2024,TRANSFER | UPI20241114000164833 | V S SHEKARA | U@0332230,,225.00,"71,284.73"
14/11/2024,TRANSFER | UPI20241114000128661 | ACT Broadband | U@0524525,,883.82,"71,509.73"
13/11/2024,TRANSFER | UPI20241113000389778 | SRINIVASA | U@0278053,,224.00,"72,393.55"
13/11/2024,TRANSFER | UPI20241113000340324 | SHANID PAZHUKKATH | U@0468123,,110.00,"72,617.55"
13/11/2024,TRANSFER | UPI20241113000262584 | Shyamala S | U@0252782,,55.00,"72,727.55"
13/11/2024,TRANSFER | UPI20241113000242871 | BHUMIKA N G | U@0547420,,254.00,"72,782.55"
12/11/2024,TRANSFER | UPI20241112000321114 | Sumathi | U@0562676,,90.00,"73,036.55"
12/11/2024,TRANSFER | UPI20241112000271936 | Zomato Ltd | U@0452490,,170.88,"73,126.55"
11/11/2024,TRANSFER | UPI20241111001441817 | SANTHOSH O P | U@1581170,,10.00,"73,297.43"
11/11/2024,TRANSFER | UPI20241111001350955 | Bangalore Metro Rail Corporation Lt | U@1466373,,47.50,"73,307.43"
11/11/2024,TRANSFER | UPI20241111001344696 | Mr SHEKAR H | U@1562699,,91.00,"73,354.93"
11/11/2024,TRANSFER | UPI20241111001280179 | AADVITHAS SPICE KITCHEN | U@1252974,,693.00,"73,445.93"
11/11/2024,TRANSFER | UPI20241111001272509 | Jio | U@1353186,,902.00,"74,138.93"
11/11/2024,TRANSFER | UPI20241111001209550 | Lekhraj P | U@1535770,,"5,000.00","75,040.93"
10/11/2024,TRANSFER | UPI20241111000812518 | NABIRASUL | U@0858381,,20.00,"80,040.93"
10/11/2024,TRANSFER | UPI20241111000688805 | SUREKHA V SHETTY | U@0636250,,80.00,"80,060.93"
10/11/2024,TRANSFER | UPI20241111000683896 | SUREKHA V SHETTY | U@0635100,,60.00,"80,140.93"
09/11/2024,TRANSFER | UPI20241111000413799 | Umadevi Fashion | U@0480695,,90.00,"80,200.93"
09/11/2024,TRANSFER | UPI20241111000290327 | Hatti Kaapi Orion Mall Malleshwara | U@0357320,,30.00,"80,290.93"
09/11/2024,TRANSFER | UPI20241111000287709 | Hatti Kaapi Orion Mall Malleshwara | U@0356720,,360.00,"80,320.93"
09/11/2024,TRANSFER | UPI20241111000283800 | SEASONS | U@0255826,,100.00,"80,680.93"
09/11/2024,TRANSFER | UPI20241111000255649 | LIFE STYLE INTERNATIONAL PVT LTD | U@0449462,,200.00,"80,780.93"
09/11/2024,TRANSFER | UPI20241111000203680 | KASHIGIRI CONDIMENTS | U@0340465,,15.00,"80,980.93"
