Date,Description,Credit,Debit,Balance
27/03/2026,TRANSFER | UPI20260327000115122 | Mubaraq Basha | AIRP0000001/917676142936 | Sent using Paytm UPI | U@0613267,,57.00,"89,704.24"
26/03/2026,TRANSFER | UPI20260326000535783 | Thanushree N | U@0761241,,46.00,"89,761.24"
26/03/2026,TRANSFER | UPI20260326000528291 | CHIDANAND R HIREMATH | U@0464543,,80.00,"89,807.24"
26/03/2026,TRANSFER | UPI20260326000446188 | Bangalore Metro Rail Corporation Lt | U@0852912,,100.00,"89,887.24"
26/03/2026,TRANSFER | UPI20260326000386584 | Mrs RANI K | U@0744376,,15.00,"89,987.24"
26/03/2026,TRANSFER | UPI20260326000375666 | CRED Club | U@0652612,,49833.75,"90,002.24"
26/03/2026,TRANSFER | UPI20260326000371064 | SOUNDARYA L | U@0444489,,80.00,"139,835.99"
26/03/2026,TRANSFER | UPI20260326000297285 | LOKESHA NAIK | U@0640974,,58.00,"139,915.99"
26/03/2026,TRANSFER | UPI20260326000221455 | BMTC BUS KA51AK4202 | U@0725334,,18.00,"139,973.99"
25/03/2026,TRANSFER | UPI20260325000452903 | Jio | U@0152844,,902.00,"139,991.99"
25/03/2026,TRANSFER | UPI20260325000436848 | Raja Kumar Ram | U@0151004,,437.00,"140,893.99"
25/03/2026,TRANSFER | UPI20260325000290759 | YASAR ARFATH KHAN | U@0537375,,309.00,"141,330.99"
23/03/2026,TRANSFER | UPI20260323001110752 | KARTHIK H N | U@0942198,70000.00,,"141,639.99"
20/03/2026,TRANSFER | UPI20260320000504147 | PUNARVI P | U@0361798,,363.00,"71,639.99"
20/03/2026,TRANSFER | UPI20260320000378025 | MOHAMMAD IBRAHIM | U@0247417,,56.00,"72,002.99"
20/03/2026,TRANSFER | UPI20260320000325163 | BMTC BUS KA57F4916 | U@0639389,,15.00,"72,058.99"
20/03/2026,TRANSFER | UPI20260320000319375 | BMTC BUS KA51AK7322 | U@0735706,,6.00,"72,073.99"
20/03/2026,TRANSFER | UPI20260320000293798 | THE AMRITH CAFE | U@0834212,,60.00,"72,079.99"
20/03/2026,TRANSFER | UPI20260320000263503 | ROHITH K H | U@0829801,500.00,,"72,139.99"
20/03/2026,TRANSFER | UPI20260320000245873 | RAGHAVENDRA TIFFIN | U@0533677,,60.00,"71,639.99"
20/03/2026,TRANSFER | UPI20260320000112673 | BMTC BUS KA57F4923 | U@0814340,,16.00,"71,699.99"
18/03/2026,TRANSFER | UPI20260318000216812 | RAGHAVENDRA TIFFIN | U@0727926,,50.00,"71,715.99"
18/03/2026,TRANSFER | UPI20260318000090570 | MALAPPA SO SHIVANNA | U@0312571,,54.00,"71,765.99"
17/03/2026,TRANSFER | UPI20260317000400638 | Pramod E U | U@0251447,,70.00,"71,819.99"
16/03/2026,TRANSFER | UPI20260316001587085 | NABIRASUL | U@0994207,,40.00,"71,889.99"
15/03/2026,TRANSFER | UPI20260316001286085 | KARTHIK H N | U@1655790,300.00,,"71,929.99"
13/03/2026,TRANSFER | UPI20260313000078809 | YALLALING | U@0311236,,60.00,"71,629.99"
12/03/2026,TRANSFER | UPI20260312000143515 | KARTHIK H N | U@0217547,,150.00,"71,689.99"
12/03/2026,TRANSFER | UPI20260312000142719 | RAVICHANDRA U | U@0319871,200.00,,"71,839.99"
12/03/2026,TRANSFER | UPI20260312000041629 | NABIRASUL | U@0505700,,25.00,"71,639.99"
11/03/2026,TRANSFER | UPI20260311000649669 | NABIRASUL | U@0882038,,41.00,"71,664.99"
11/03/2026,TRANSFER | UPI20260311000595271 | M G SRINIVASA | U@0573904,,46.00,"71,705.99"
11/03/2026,TRANSFER | UPI20260311000590810 | KARTHIK H N | U@0173512,50.00,,"71,751.99"
11/03/2026,TRANSFER | UPI20260311000589311 | VARSHITHA N N VARSHITHA | U@0772485,,11.00,"71,701.99"
11/03/2026,TRANSFER | UPI20260311000506435 | Bangalore Metro Rail Corporation Lt | U@0659212,,50.00,"71,712.99"
11/03/2026,TRANSFER | UPI20260311000424294 | KARTHIK H N | U@0552549,,80.00,"71,762.99"
10/03/2026,TRANSFER | UPI20260310000445527 | SETHURAMU S R | U@0354097,,90.00,"71,842.99"
09/03/2026,TRANSFER | UPI20260309001395000 | D G NARAYANA | U@1564702,,100.00,"71,932.99"
08/03/2026,TRANSFER | UPI20260309000679118 | MIAMI SUPERMARKET | U@0687835,,82.00,"72,032.99"
08/03/2026,TRANSFER | UPI20260309000577065 | KARTHIK H N | U@0565592,100.00,,"72,114.99"
08/03/2026,TRANSFER | UPI20260309000065195 | NABIRASUL | U@0108371,,36.00,"72,014.99"
07/03/2026,TRANSFER | UPI20260307000337910 | ETERNAL LIMITED | U@0840893,,186.65,"72,050.99"
06/03/2026,TRANSFER | UPI20260306000393416 | JANAPRIYA STORE | U@0146272,,50.00,"72,237.64"
06/03/2026,TRANSFER | UPI20260306000359821 | Parkash Sirvi | U@0540944,,30.00,"72,287.64"
06/03/2026,TRANSFER | UPI20260306000352881 | KARTHIK H N | U@0844036,70.00,,"72,317.64"
06/03/2026,TRANSFER | UPI20260306000349246 | KARTHIK H N | U@0140774,130.00,,"72,247.64"
05/03/2026,TRANSFER | UPI20260305000665793 | NABIRASUL | U@0383377,,10.00,"72,117.64"
05/03/2026,TRANSFER | UPI20260305000665210 | NABIRASUL | U@0481299,,20.00,"72,127.64"
05/03/2026,TRANSFER | UPI20260305000660720 | MANJUNATH C P | U@0480979,,65.00,"72,147.64"
05/03/2026,TRANSFER | UPI20260305000657851 | Shree Ranganatha Vegetables Store | U@0176913,,10.00,"72,212.64"
05/03/2026,TRANSFER | UPI20260305000655522 | Shree Ranganatha Vegetables Store | U@0880977,,80.00,"72,222.64"
05/03/2026,TRANSFER | UPI20260305000640580 | Mr ANJANEYA D T | U@0580599,,20.00,"72,302.64"
05/03/2026,TRANSFER | UPI20260305000528320 | D G NARAYANA | U@0759825,,200.00,"72,322.64"
05/03/2026,TRANSFER | UPI20260305000417345 | H R SRINIVASA | U@0746754,,47.00,"72,522.64"
05/03/2026,TRANSFER | UPI20260305000407732 | CHIDANAND R HIREMATH | U@0450211,,50.00,"72,569.64"
05/03/2026,TRANSFER | UPI20260305000112407 | Bangalore Metro Rail Corporation Lt | U@0614415,,150.00,"72,619.64"
05/03/2026,TRANSFER | UPI20260305000111296 | KRISHNEGOWDA M B | U@0513353,,46.00,"72,769.64"
05/03/2026,TRANSFER | UPI20260305000092194 | KARTHIK H N | U@0310954,,200.00,"72,815.64"
04/03/2026,TRANSFER | UPI20260304000475022 | ZOMATO | U@0361532,,254.15,"73,015.64"
04/03/2026,TRANSFER | ECS-BD-IndusindBankLoan | TIAJ13227787 | Z@ED32391,,11377.00,"73,269.79"
03/03/26,SALARY CREDIT,10000,,"84,646.79"
03/03/2026,TRANSFER | UPI CR For | 02-Mar-26 | U | ILME14583,,40.00,"74,646.79"
03/03/2026,TRANSFER | UPI20260303002086721 | Burger King India | U@1858468,,124.92,"74,686.79"
03/03/2026,TRANSFER | UPI20260303001916191 | Burger King | U@1838785,,145.92,"74,811.71"
03/03/2026,TRANSFER | UPI20260303001826316 | Burger King | U@2129318,,156.42,"74,957.63"
02/03/2026,TRANSFER | UPI20260302002745536 | RAJESH | U@3036111,,46.00,"75,114.05"
02/03/2026,TRANSFER | UPI20260302002738396 | CHIDANAND R HIREMATH | U@3035574,,70.00,"75,160.05"
02/03/2026,TRANSFER | UPI20260302002710069 | KARTHIK H N | U@3129212,,20000.00,"75,230.05"
02/03/2026,TRANSFER | UPI20260302002671780 | RANJITH KUMAR | U@3124481,,50.00,"95,230.05"
02/03/2026,TRANSFER | UPI20260302002666945 | Bangalore Metro Rail Corporation Lt | U@2536620,,100.00,"95,280.05"
02/03/2026,TRANSFER | UPI20260302002307798 | RAGHAVENDRA TIFFIN | U@2180297,,60.00,"95,380.05"
01/03/26,SALARY CREDIT,10000,,"95,440.05"
01/03/2026,TRANSFER | UPI20260302001833237 | KARTHIK H N | U@2323238,,100.00,"85,440.05"
01/03/2026,TRANSFER | UPI20260302001386400 | ZOMATO | U@1371391,,143.34,"85,540.05"
01/03/2026,TRANSFER | UPI20260302001083601 | KARTHIK H N | U@1629121,,600.00,"85,683.39"
28/02/26,SALARY CREDIT,10000,,"86,283.39"
28/02/2026,TRANSFER | UPI20260302000780136 | Mr MANJUNATHA G | U@0194918,,30.00,"76,283.39"
28/02/2026,TRANSFER | UPI20260302000777615 | MANJUNATH C P | U@0297776,,90.00,"76,313.39"
28/02/2026,TRANSFER | UPI20260302000768630 | Ranganatha Gobi Centre | U@0693143,,60.00,"76,403.39"
28/02/2026,TRANSFER | UPI20260302000764409 | SUBHAS | U@0692771,,40.00,"76,463.39"
28/02/2026,TRANSFER | UPI20260302000763918 | SUBHAS | U@0394402,,40.00,"76,503.39"
28/02/2026,TRANSFER | UPI20260302000128292 | Jio Prepaid Recharges | U@0116204,,329.00,"76,543.39"
28/02/2026,TRANSFER | UPI20260302000008640 | KARTHIK H N | U@0401374,,150.00,"76,872.39"
27/02/2026,TRANSFER | UPI20260227000685862 | RAVIKUMAR B P | U@0189406,,56.00,"77,022.39"
27/02/2026,TRANSFER | UPI20260227000673070 | CHIDANAND R HIREMATH | U@0680721,,25.00,"77,078.39"
27/02/2026,TRANSFER | UPI20260227000646754 | KARTHIK H N | U@0377656,,500.00,"77,103.39"
27/02/2026,TRANSFER | UPI20260227000334004 | BARAKAH FOODS | U@0739722,,50.00,"77,603.39"
27/02/2026,TRANSFER | UPI20260227000317113 | RAGHAVENDRA TIFFIN | U@0335511,,60.00,"77,653.39"
27/02/2026,TRANSFER | UPI20260227000191976 | Sangameshwar | U@0822726,,54.00,"77,713.39"
26/02/2026,TRANSFER | UPI20260226000452705 | KANTESH LAMANI | U@0656748,,60.00,"77,767.39"
26/02/2026,TRANSFER | UPI20260226000385240 | KARTHIK H N | U@0843193,18000.00,,"77,827.39"
26/02/2026,TRANSFER | UPI20260226000231817 | THE AMRITH CAFE | U@0824791,,46.00,"59,827.39"
25/02/2026,TRANSFER | UPI20260225000461155 | Pramod E U | U@0457810,,60.00,"59,873.39"
25/02/2026,TRANSFER | UPI20260225000419002 | SETHURAMU S R | U@0452482,,90.00,"59,933.39"
25/02/2026,TRANSFER | UPI20260225000364948 | PRAMOD KUMAR | U@0444397,,40.00,"60,023.39"
25/02/2026,TRANSFER | UPI20260225000118647 | KARTHIK H N | U@0712187,,100.00,"60,063.39"
25/02/2026,TRANSFER | UPI20260225000116189 | YASHAVANTH M J | U@0814092,,46.00,"60,163.39"
24/02/2026,TRANSFER | UPI20260224000617130 | CRED Club | U@0176062,,49833.75,"60,209.39"
24/02/2026,TRANSFER | UPI20260224000608476 | KARTHIK H N | U@0270722,31000.00,,"110,043.14"
24/02/2026,TRANSFER | UPI20260224000482772 | NABIRASUL | U@0459074,,30.00,"79,043.14"
24/02/2026,TRANSFER | UPI20260224000305726 | Burger King | U@0837415,,104.96,"79,073.14"
24/02/2026,TRANSFER | UPI20260224000226267 | Burger King | U@0428220,,131.22,"79,178.10"
24/02/2026,TRANSFER | UPI20260224000195910 | Smart Bangalore 6225 | U@0222334,,72.00,"79,309.32"
23/02/2026,TRANSFER | UPI20260223001095434 | Mrs SAMSHAD BEGUM THAVARAKUNTA | U@0936953,,50.00,"79,381.32"
23/02/2026,TRANSFER | UPI20260223001090614 | Prakash Sangappa Inamadar | U@1135815,,60.00,"79,431.32"
23/02/2026,TRANSFER | UPI20260223001084311 | Mr PARASHURAM SANGAPPA INAMDAR | U@1428175,,70.00,"79,491.32"
23/02/2026,TRANSFER | UPI20260223001081116 | KUMARNAIK C | U@1427696,,30.00,"79,561.32"
23/02/2026,TRANSFER | UPI20260223001078678 | ADVIKA ROTI CORNER | U@1427447,,45.00,"79,591.32"
23/02/2026,TRANSFER | UPI20260223001052913 | RAGHU M T | U@1032499,,100.00,"79,636.32"
23/02/2026,TRANSFER | UPI20260223001017149 | sogadu | U@0926749,,25.00,"79,736.32"
23/02/2026,TRANSFER | UPI20260223000969516 | sogadu | U@0920909,,225.00,"79,761.32"
23/02/2026,TRANSFER | UPI20260223000958678 | DAVOOD HAKEEM | U@0919191,,300.00,"79,986.32"
23/02/2026,TRANSFER | UPI20260223000920372 | KARTHIK H N | U@1409006,,100.00,"80,286.32"
23/02/2026,TRANSFER | UPI20260223000852046 | Airtel | U@0699713,,380.80,"80,386.32"
23/02/2026,TRANSFER | UPI20260223000792588 | ZOMATO LIMITED | U@0693233,,163.00,"80,767.12"
22/02/2026,TRANSFER | UPI20260223000345996 | Blinkit | U@0241566,,389.00,"80,930.12"
22/02/2026,TRANSFER | UPI20260223000062689 | ZOMATO | U@0407807,,195.72,"81,319.12"
22/02/2026,TRANSFER | UPI20260223000057576 | NABIRASUL | U@0206954,,84.00,"81,514.84"
21/02/2026,TRANSFER | UPI20260221000635221 | KARTHIK H N | U@0178481,,200.00,"81,598.84"
21/02/2026,TRANSFER | UPI20260221000429323 | ZOMATO LIMITED | U@0851492,,224.02,"81,798.84"
21/02/2026,TRANSFER | UPI20260221000066483 | ZOMATO | U@0807668,,194.60,"82,022.86"
20/02/2026,TRANSFER | UPI20260220000554598 | Ranganatha Gobi Centre | U@0265002,,60.00,"82,217.46"
20/02/2026,TRANSFER | UPI20260220000325059 | THE AMRITH CAFE | U@0739257,,130.00,"82,277.46"
19/02/2026,TRANSFER | UPI20260219000176739 | GOWDAS | U@0520867,,120.00,"82,407.46"
19/02/2026,TRANSFER | UPI20260219000078833 | KARTHIK H N | U@0408915,,300.00,"82,527.46"
18/02/2026,TRANSFER | UPI20260218000450046 | GOVINDA SETTY D | U@0652878,,30.00,"82,827.46"
18/02/2026,TRANSFER | UPI20260218000428819 | SETHURAMU S R | U@0554033,,50.00,"82,857.46"
17/02/2026,TRANSFER | UPI20260217000512456 | DEVARAJU | U@0861892,,43.00,"82,907.46"
17/02/2026,TRANSFER | UPI20260217000505789 | CHIDANAND R HIREMATH | U@0257555,,25.00,"82,950.46"
17/02/2026,TRANSFER | UPI20260217000504936 | KARTHIK H N | U@0660734,50.00,,"82,975.46"
17/02/2026,TRANSFER | SBIN326048855498 | SBINN52026021713992742 | NEFT FROM EMPLOYEE PROVIDENT FUND O | SBOI | 2026/02/17 170642 SBIN326048855498 | YIR130402,40000.00,,"82,925.46"
13/02/2026,TRANSFER | UPI20260213000217472 | ETERNAL LIMITED | U@0342490,,102.92,"42,925.46"
12/02/2026,TRANSFER | UPI20260212000312198 | KARTHIK H N | U@0261203,,200.00,"43,028.38"
12/02/2026,TRANSFER | UPI20260212000276998 | ZOMATO | U@0253989,,178.01,"43,228.38"
11/02/2026,TRANSFER | UPI20260211000563602 | NABIRASUL | U@1007619,,10.00,"43,406.39"
11/02/2026,TRANSFER | UPI20260211000563086 | NABIRASUL | U@0612619,,49.00,"43,416.39"
11/02/2026,TRANSFER | UPI20260211000563078 | NABIRASUL | U@0711737,,20.00,"43,465.39"
11/02/2026,TRANSFER | UPI20260211000547933 | D G NARAYANA | U@0708694,100.00,,"43,485.39"
11/02/2026,TRANSFER | UPI20260211000266961 | ETERNAL LIMITED | U@0350724,,276.25,"43,385.39"
10/02/2026,TRANSFER | UPI20260210000487160 | amazon pay groceries | U@0296801,,511.00,"43,661.64"
10/02/2026,TRANSFER | UPI20260210000440137 | ZOMATO LIMITED | U@0585435,,152.80,"44,172.64"
09/02/2026,TRANSFER | UPI20260209001256560 | Pramod E U | U@1147250,,50.00,"44,325.44"
09/02/2026,TRANSFER | UPI20260209001052379 | DUSHYANTH J | U@1206996,,188.00,"44,375.44"
09/02/2026,TRANSFER | UPI20260209001002855 | ABDUL RAHIM | U@0697110,,80.00,"44,563.44"
09/02/2026,TRANSFER | UPI20260209000957434 | JAGADEESHA H | U@0986976,,50.00,"44,643.44"
09/02/2026,TRANSFER | UPI20260209000951448 | DURGARAM | U@1086667,,5.00,"44,693.44"
08/02/2026,TRANSFER | UPI20260209000482103 | Zomatofood | U@0593800,,198.45,"44,698.44"
08/02/2026,TRANSFER | UPI CR For | 07-Feb-26 | U | R96606241,853.00,,"44,896.89"
08/02/2026,TRANSFER | UPI CR For | 07-Feb-26 | U | R96605562,853.00,,"44,043.89"
08/02/2026,TRANSFER | UPI20260209000340888 | PARAMESH | U@0565563,,10.00,"43,190.89"
08/02/2026,TRANSFER | UPI20260209000294917 | KAMALAMMA | U@0157845,,60.00,"43,200.89"
07/02/2026,TRANSFER | UPI20260207000605784 | VARSHITHA N N VARSHITHA | U@0620402,,700.00,"43,260.89"
07/02/2026,TRANSFER | UPI20260207000605211 | KARTHIK H N | U@0620304,700.00,,"43,960.89"
07/02/2026,TRANSFER | UPI20260207000596464 | VISHAL MEGA MART | U@0916837,,853.00,"43,260.89"
07/02/2026,TRANSFER | UPI20260207000595144 | VISHAL MEGA MART | U@0817484,,853.00,"44,113.89"
07/02/2026,TRANSFER | UPI20260207000333655 | ARBIYA N | U@0166483,,250.00,"44,966.89"
07/02/2026,TRANSFER | UPI20260207000283184 | ASHA SWEET CENTER | U@0354204,,90.00,"45,216.89"
07/02/2026,TRANSFER | UPI20260207000075606 | BYLAMMA EDUCATIONAL AND | U@0514931,,8000.00,"45,306.89"
06/02/2026,TRANSFER | UPI20260206000693045 | KARTHIK H N | U@0736131,10000.00,,"53,306.89"
06/02/2026,TRANSFER | UPI CR For | 05-Feb-26 | U | ILME37754,110.00,,"43,306.89"
06/02/2026,TRANSFER | UPI20260206000443328 | PIZZA HUT | U@0586632,,55.00,"43,196.89"
06/02/2026,TRANSFER | UPI20260206000405462 | PIZZA HUT | U@0479338,,104.00,"43,251.89"
06/02/2026,TRANSFER | UPI20260206000290782 | UPI Credit for reference | U@0456859,100.00,,"43,355.89"
06/02/2026,TRANSFER | UPI20260206000275195 | KARTHIK H N | U@0254349,100.00,,"43,255.89"
06/02/2026,TRANSFER | UPI20260206000262805 | SR Enterprises | U@0550841,,15.00,"43,155.89"
06/02/2026,TRANSFER | UPI20260206000181085 | MARUTHI SAVANUR | U@0534531,,43.00,"43,170.89"
06/02/2026,TRANSFER | UPI20260206000095602 | Mr S N VEERABHADRAIAH | U@0319984,,20.00,"43,213.89"
05/02/2026,TRANSFER | UPI20260205000614935 | Pramod E U | U@0920008,,110.00,"43,233.89"
05/02/2026,TRANSFER | UPI20260205000252259 | PharmEasy | U@0150206,,314.14,"43,343.89"
04/02/26,SALARY CREDIT,100000,,"43,658.03"
04/02/2026,TRANSFER | UPI CR For | 03-Feb-26 | U | ILME52881,80.00,,"-56,341.97"
04/02/2026,TRANSFER | ECS-BD-IndusindBankLoan | TIAJ13142295 | Z@ED16854,,11377.00,"-56,421.97"
03/02/2026,TRANSFER | UPI20260203002001702 | VANITHA D S | U@2096712,,80.00,"-45,044.97"
03/02/2026,TRANSFER | UPI20260203001911651 | Mrs RANI K | U@1682229,,45.00,"-44,964.97"
03/02/2026,TRANSFER | UPI20260203001606466 | M S SWAMY | U@2018417,,63.00,"-44,919.97"
03/02/2026,TRANSFER | UPI20260203001425873 | KEMPARAJU N | U@1386386,,43.00,"-44,856.97"
02/02/2026,TRANSFER | UPI20260202000632379 | VANITHA D S | U@1023044,,90.00,"-44,813.97"
02/02/2026,TRANSFER | UPI20260202000518833 | THE AMRITH CAFE | U@0900606,,90.00,"-44,723.97"
02/02/2026,TRANSFER | UPI20260202000441556 | KARTHIK H N | U@0385761,,22500.00,"-44,633.97"
02/02/2026,TRANSFER | UPI20260202000382514 | Mrs RANI K | U@0475973,,31.00,"-22,133.97"
02/02/2026,TRANSFER | UPI20260202000325079 | VASUDEVA K | U@0363530,,63.00,"-22,102.97"
02/02/2026,TRANSFER | UPI20260202000253477 | Devaraju B G | U@0249895,,43.00,"-22,039.97"
01/02/2026,TRANSFER | UPI20260201000763088 | KARTHIK H N | U@0950843,,100.00,"-21,996.97"
01/02/2026,TRANSFER | UPI20260201000409891 | ZOMATO LIMITED | U@0378743,,236.30,"-21,896.97"
01/02/2026,TRANSFER | UPI20260201000384031 | ZOMATO LIMITED | U@0274527,,166.30,"-21,660.67"
01/02/2026,TRANSFER | UPI20260201000163479 | NH | U@0532143,,374.00,"-21,494.37"
31/01/2026,TRANSFER | UPI20260131000353013 | NAVEEN KUMAR S V | U@0368440,,500.00,"-21,120.37"
31/01/2026,TRANSFER | UPI20260131000350707 | NAVEEN KUMAR S V | U@0468567,,1.00,"-20,620.37"
31/01/2026,TRANSFER | UPI20260131000235077 | RANGANATHA B S SO SOMANNA | U@0345429,,45.00,"-20,619.37"
30/01/2026,TRANSFER | UPI20260130000655251 | RAM MEDICALS | U@0828563,,190.00,"-20,574.37"
30/01/2026,TRANSFER | UPI20260130000648514 | SHASHANK D M | U@0727610,,10.00,"-20,384.37"
30/01/2026,TRANSFER | UPI20260130000613468 | MANJUNATHA D M | U@1018084,,43.00,"-20,374.37"
30/01/2026,TRANSFER | UPI20260130000521747 | KARTHIK H N | U@0801829,100.00,,"-20,331.37"
30/01/2026,TAX | KA SGST @ 9.0000 % | GS2603000000165303 | CHG | R96605164,,24.75,"-20,431.37"
30/01/2026,TAX | KA CGST @ 9.0000 % | GS2603000000165302 | CHG | R96605164,,24.75,"-20,406.62"
30/01/2026,SVC CHG | Ach Ecs debit | INSUFFICIENT FUNDS | 4-Jan-26 | CHG | GS2603000000165301 | R96605164,,275.00,"-20,381.87"
29/01/2026,TRANSFER | UPI20260129000593501 | H SANJEEVAPPA | U@1307695,,49.00,"-20,106.87"
29/01/2026,TRANSFER | UPI20260129000582069 | CHIDANAND R HIREMATH | U@1105474,,25.00,"-20,057.87"
29/01/2026,TRANSFER | UPI20260129000565763 | KARTHIK H N | U@1401993,,300.00,"-20,032.87"
29/01/2026,TRANSFER | UPI20260129000508231 | Bangalore Metro Rail Corporation Lt | U@0701650,,100.00,"-19,732.87"
29/01/2026,TRANSFER | UPI20260129000131754 | KARTHIK H N | U@0324769,,910.00,"-19,632.87"
28/01/2026,TRANSFER | UPI20260128000577620 | KARTHIK H N | U@0812930,,500.00,"-18,722.87"
28/01/2026,TRANSFER | UPI20260128000442196 | SIKANDAR PASHA | U@0288110,,424.00,"-18,222.87"
28/01/2026,TRANSFER | UPI20260128000379351 | ETERNAL LIMITED | U@0172138,,151.70,"-17,798.87"
28/01/2026,TRANSFER | UPI20260128000369563 | K A Madeen | U@0633722,,258.00,"-17,647.17"
28/01/2026,TRANSFER | UPI20260128000179750 | KARTHIK H N | U@0335493,38500.00,,"-17,389.17"
28/01/2026,TRANSFER | UPI20260128000154384 | NARASIMHARAJU S | U@0231655,,370.00,"-55,889.17"
28/01/2026,TRANSFER | UPI20260128000055518 | D G NARAYANA | U@0409125,1000.00,,"-55,519.17"
27/01/2026,TRANSFER | UPI20260127002637247 | KARTHIK H N | U@3017980,,100.00,"-56,519.17"
27/01/2026,TRANSFER | UPI20260127002553570 | RAJESH | U@2903304,,56.00,"-56,419.17"
27/01/2026,TRANSFER | UPI20260127002192980 | ABHILASH H S | U@2708069,,51.00,"-56,363.17"
27/01/2026,TRANSFER | UPI20260127002182969 | SHASHANK D M | U@2524392,,16.00,"-56,312.17"
26/01/2026,TRANSFER | UPI20260127001934349 | DURGARAM | U@2258075,,20.00,"-56,296.17"
26/01/2026,TRANSFER | UPI20260127001781474 | Gangadevi G N | U@2227359,,43.00,"-56,276.17"
26/01/2026,TRANSFER | UPI20260127001646374 | CRED Club | U@1926714,,49823.25,"-56,233.17"
26/01/2026,TRANSFER | UPI20260127001556306 | KARTHIK H N | U@1808089,5000.00,,"-6,409.92"
26/01/2026,TRANSFER | UPI20260127001549656 | KARTHIK H N | U@1907357,5000.00,,"-11,409.92"
25/01/2026,TRANSFER | UPI20260127001110112 | KARTHIK H N | U@1321326,,50.00,"-16,409.92"
24/01/2026,TRANSFER | UPI20260127000126036 | KARTHIK H N | U@0523353,,500.00,"-16,359.92"
22/01/2026,TRANSFER | UPI20260122000485802 | Bhagyamma V G | U@0195686,278.00,,"-15,859.92"
22/01/2026,TRANSFER | UPI20260122000480928 | ZOMATO | U@0493797,,277.25,"-16,137.92"
21/01/2026,TRANSFER | UPI20260121000587110 | Hemanth Kumar B M | U@0616883,,43.00,"-15,860.67"
21/01/2026,TRANSFER | UPI20260121000582112 | CHIDANAND R HIREMATH | U@0813396,,80.00,"-15,817.67"
21/01/2026,TRANSFER | UPI20260121000564442 | KARTHIK H N | U@0612261,,400.00,"-15,737.67"
21/01/2026,TRANSFER | UPI20260121000541183 | Bangalore Metro Rail Corporation Lt | U@1004976,,100.00,"-15,337.67"
21/01/2026,TRANSFER | UPI20260121000512952 | Mrs RANI K | U@0700314,,15.00,"-15,237.67"
21/01/2026,TRANSFER | UPI20260121000409311 | KARTHIK H N | U@0579832,,40.00,"-15,222.67"
20/01/2026,TRANSFER | UPI20260120000458892 | Pramod E U | U@0488181,,35.00,"-15,182.67"
20/01/2026,TRANSFER | UPI20260120000428213 | Mr KRISHNA PRASAD | U@0182415,,40.00,"-15,147.67"
20/01/2026,TRANSFER | UPI20260120000421134 | NARENDRA BABU L | U@0383718,,1400.00,"-15,107.67"
20/01/2026,TRANSFER | UPI20260120000419703 | D G NARAYANA | U@0581698,1400.00,,"-13,707.67"
20/01/2026,TRANSFER | UPI20260120000416242 | BHARATH KUMAR M | U@0479962,,74.00,"-15,107.67"
20/01/2026,TRANSFER | UPI20260120000409895 | KARTHIK H N | U@0478789,,400.00,"-15,033.67"
20/01/2026,TRANSFER | UPI20260120000347580 | Airtel | U@0466924,,300.80,"-14,633.67"
19/01/2026,TRANSFER | UPI20260119000823879 | KARTHIK H N | U@0958904,,200.00,"-14,332.87"
18/01/2026,TRANSFER | UPI20260119000510399 | KARTHIK H N | U@0801359,,700.00,"-14,132.87"
18/01/2026,TRANSFER | UPI20260119000477801 | RAJAMURTHY RANGAPA | U@0395028,,100.00,"-13,432.87"
18/01/2026,TRANSFER | UPI20260119000245265 | KARTHIK H N | U@0445248,,500.00,"-13,332.87"
18/01/2026,TRANSFER | UPI20260119000214587 | MIAMI SUPERMARKET | U@0141445,,716.00,"-12,832.87"
17/01/2026,TRANSFER | UPI20260117000631033 | KARTHIK H N | U@0823324,,300.00,"-12,116.87"
17/01/2026,TRANSFER | UPI20260117000470558 | D G NARAYANA | U@0189904,1264.00,,"-11,816.87"
17/01/2026,TRANSFER | UPI20260117000312575 | ZOMATO LIMITED | U@0158827,,165.25,"-13,080.87"
16/01/2026,TRANSFER | UPI20260116000446239 | ANUPALLAVI C S | U@0589831,,200.00,"-12,915.62"
16/01/2026,TRANSFER | UPI20260116000398222 | Pramod E U | U@0580544,,100.00,"-12,715.62"
16/01/2026,TRANSFER | UPI20260116000376445 | Ashwini J M | U@0471399,,140.00,"-12,615.62"
16/01/2026,TRANSFER | UPI20260116000373506 | HALESH R | U@0174166,,50.00,"-12,475.62"
16/01/2026,TRANSFER | UPI20260116000368997 | PAVANICECREAMS | U@0270621,,60.00,"-12,425.62"
16/01/2026,TRANSFER | UPI20260116000281861 | RAGHAVENDRA TIFFIN | U@0557165,,35.00,"-12,365.62"
16/01/2026,TRANSFER | UPI20260116000080592 | Blinkit | U@0414879,,358.00,"-12,330.62"
15/01/2026,TRANSFER | UPI20260115000039025 | Shaneshwra Store | U@0407610,,5.00,"-11,972.62"
14/01/2026,TRANSFER | UPI20260114000253982 | KARTHIK H N | U@0249085,104.00,,"-11,967.62"
14/01/2026,TRANSFER | UPI20260114000253963 | Burger King | U@0549017,,104.96,"-12,071.62"
14/01/2026,TRANSFER | UPI20260114000064194 | KARTHIK H N | U@0212537,45000.00,,"-11,966.66"
13/01/2026,TRANSFER | UPI20260113000622018 | VARSHITHA N N VARSHITHA | U@1020664,,37.00,"-56,966.66"
13/01/2026,TRANSFER | UPI20260113000549874 | ASHA L | U@0609191,,60.00,"-56,929.66"
13/01/2026,TRANSFER | UPI20260113000546556 | KIRANAKUMAR A VADAKANNAVAR | U@0608437,,43.00,"-56,869.66"
13/01/2026,TRANSFER | UPI20260113000463095 | KARTHIK H N | U@0290516,,100.00,"-56,826.66"
12/01/2026,TRANSFER | UPI20260112001571847 | MR RAVINAIKA | U@1853704,,50.00,"-56,726.66"
10/01/2026,TRANSFER | UPI20260112000178698 | KARTHIK H N | U@0534845,,100.00,"-56,676.66"
10/01/2026,TRANSFER | UPI20260112000140630 | IndusInd Bank Limited | U@0128360,,531.00,"-56,576.66"
09/01/2026,TRANSFER | UPI20260109000207664 | GOVINDA SETTY D | U@0341552,,14.00,"-56,045.66"
09/01/2026,TRANSFER | UPI20260109000188587 | CHARLES C A | U@0137829,,1200.00,"-56,031.66"
09/01/2026,TRANSFER | UPI20260109000186129 | KARTHIK H N | U@0235749,1194.00,,"-54,831.66"
09/01/2026,TRANSFER | UPI20260109000117483 | KARTHIK H N | U@0421219,100.00,,"-56,025.66"
08/01/2026,TRANSFER | ECS-BD-IndusindBankLoan | TIAJ13058047 | Z@ED66989,,11377.00,"-56,125.66"
07/01/2026,TRANSFER | UPI20260107000066351 | D G NARAYANA | U@0412563,500.00,,"-44,748.66"
04/01/2026,TRANSFER | ACH DR RETN | BALANCE INSUFFICIENT | U | R96611203,11377.00,,"-45,248.66"
04/01/2026,TRANSFER | UPI20260105000347985 | VARSHITHA N N VARSHITHA | U@0567259,1000.00,,"-56,625.66"
04/01/2026,TRANSFER | ECS-BD-IndusindBankLoan | TIAJ12996978 | Z@ED98702,,11377.00,"-57,625.66"
03/01/2026,TRANSFER | UPI20260103002246889 | KARTHIK H N | U@2523790,10000.00,,"-46,248.66"
01/01/2026,INTEREST | CREDIT INTEREST | FROM OCT25 TO DEC25 | ZDD400138,,19.51,"-56,248.66"
28/12/2025,TRANSFER | UPI20251229000750891 | D G NARAYANA | U@0745608,,50.00,"-56,229.15"
25/12/2025,TRANSFER | UPI20251226000574879 | KARTHIK H N | U@1011537,500.00,,"-56,179.15"
21/12/2025,TRANSFER | UPI20251222000583982 | SUBHAS | U@1012685,,60.00,"-56,679.15"
21/12/2025,TRANSFER | UPI20251222000581764 | KARTHIK H N | U@0714702,50.00,,"-56,619.15"
21/12/2025,TRANSFER | UPI20251222000208377 | PREMA KUMAR S K | U@0439958,,200.00,"-56,669.15"
20/12/2025,TRANSFER | UPI20251220000689697 | KARTHIK H N | U@0932908,200.00,,"-56,469.15"
14/12/2025,TRANSFER | UPI20251215000782837 | ZOMATO LIMITED | U@0753967,,150.15,"-56,669.15"
14/12/2025,TRANSFER | UPI20251215000782561 | VARSHITHA N N VARSHITHA | U@0853009,,4.00,"-56,519.00"
13/12/2025,TRANSFER | UPI20251215000676289 | KARTHIK H N | U@0833750,,50.00,"-56,515.00"
13/12/2025,TRANSFER | UPI20251215000641074 | KARTHIK H N | U@1025476,,300.00,"-56,465.00"
13/12/2025,TRANSFER | UPI20251215000637697 | VINOD M K | U@0925608,,40.00,"-56,165.00"
13/12/2025,TRANSFER | UPI20251215000634378 | VAKIL | U@0924972,,40.00,"-56,125.00"
13/12/2025,TRANSFER | UPI20251215000129799 | KARTHIK H N | U@0525277,,80.00,"-56,085.00"
13/12/2025,TRANSFER | UPI20251215000076416 | SREEKANTH G N | U@0314958,,68.00,"-56,005.00"
11/12/2025,TRANSFER | UPI20251211000502576 | NABIRASUL | U@0399375,,40.00,"-55,937.00"
10/12/2025,TRANSFER | UPI20251210000603694 | P Sanjay | U@0719716,,154.00,"-55,897.00"
10/12/2025,TRANSFER | UPI20251210000480883 | Ashkar C | U@0193756,,155.00,"-55,743.00"
10/12/2025,TRANSFER | UPI20251210000158836 | VARSHITHA N N VARSHITHA | U@0531223,,20000.00,"-55,588.00"
09/12/2025,TRANSFER | UPI20251209000141316 | KARTHIK H N | U@0325427,21000.00,,"-35,588.00"
07/12/2025,TRANSFER | UPI20251208000042089 | NABIRASUL | U@0508082,,20.00,"-56,588.00"
06/12/2025,TRANSFER | UPI20251206000410455 | CRED Club | U@0380300,,25687.00,"-56,568.00"
06/12/2025,TRANSFER | UPI20251206000398416 | KARTHIK H N | U@0176014,350.00,,"-30,881.00"
06/12/2025,TRANSFER | UPI20251206000277543 | PRASANNA KUMAR N | U@0554291,,94.00,"-31,231.00"
06/12/2025,TRANSFER | UPI20251206000238948 | NEW AGARWAL BHAVAN DASANPURA | U@0346714,,198.00,"-31,137.00"
06/12/2025,TRANSFER | UPI20251206000173887 | KEERTHIRAJ V K | U@0334070,,78.00,"-30,939.00"
06/12/2025,TRANSFER | UPI20251206000152165 | KARTHIK H N | U@0231137,25700.00,,"-30,861.00"
05/12/2025,TRANSFER | UPI20251205000538162 | KARTHIK H N | U@0904908,,11.00,"-56,561.00"
04/12/2025,TRANSFER | ECS-BD-IndusindBankLoan | TIAJ12908665 | Z@ED88389,,11377.00,"-56,550.00"
03/12/2025,TRANSFER | UPI20251203001825873 | ZOMATO | U@2062593,,230.00,"-45,173.00"
03/12/2025,TRANSFER | UPI20251203001745452 | KARTHIK H N | U@2046689,,30.00,"-44,943.00"
03/12/2025,TRANSFER | UPI20251203001701180 | ANUSUYA | U@1639171,,48.00,"-44,913.00"
03/12/2025,TRANSFER | UPI20251203001692803 | CHIDANAND R HIREMATH | U@1737602,,35.00,"-44,865.00"
03/12/2025,TRANSFER | UPI20251203001536351 | Bangalore Metro Rail Corporation Lt | U@2005032,,100.00,"-44,830.00"
03/12/2025,TRANSFER | UPI20251203001476234 | THE AMRITH CAFE | U@1593146,,155.00,"-44,730.00"
03/12/2025,TRANSFER | UPI20251203001339650 | KARTHIK H N | U@1267056,,2500.00,"-44,575.00"
03/12/2025,TRANSFER | UPI20251203001148838 | DHRUVENDRA KUMAR V | U@1129352,,179.00,"-42,075.00"
02/12/2025,TRANSFER | UPI20251202000457041 | ZOMATO | U@0291108,,187.20,"-41,896.00"
02/12/2025,TRANSFER | UPI20251202000211444 | KARTHIK H N | U@0141731,,7500.00,"-41,708.80"
02/12/2025,TRANSFER | UPI20251202000173233 | KARTHIK H N | U@0433741,,500.00,"-34,208.80"
01/12/2025,TRANSFER | UPI20251201001470745 | Jagdeesh Kumar | U@1389421,,40.00,"-33,708.80"
01/12/2025,TRANSFER | UPI20251201001258130 | JAYARAM T L | U@1346690,,51.00,"-33,668.80"
01/12/2025,TRANSFER | UPI20251201001224610 | ANTARASTRIYA | U@1539273,,70.00,"-33,617.80"
01/12/2025,TRANSFER | UPI20251201001167045 | VIJAYA B M | U@1527737,,190.00,"-33,547.80"
01/12/2025,TRANSFER | UPI20251201001162103 | MOHAMMAD ZEESHAN | U@1228996,,100.00,"-33,357.80"
01/12/2025,TRANSFER | UPI20251201001149383 | KARTHIK H N | U@1325738,,50.00,"-33,257.80"
01/12/2025,TRANSFER | UPI20251201001086446 | PharmEasy | U@1413613,,1180.79,"-33,207.80"
30/11/2025,TRANSFER | UPI20251201000773697 | KARTHIK H N | U@0952914,,20.00,"-32,027.01"
30/11/2025,TRANSFER | UPI20251201000659428 | KARTHIK H N | U@1028596,,220.00,"-32,007.01"
30/11/2025,TRANSFER | UPI20251201000459180 | Jio | U@0491673,,902.00,"-31,787.01"
30/11/2025,TRANSFER | UPI20251201000230605 | KARTHIK H N | U@0345082,,7500.00,"-30,885.01"
30/11/2025,TRANSFER | UPI20251201000191914 | KARTHIK H N | U@0537848,6000.00,,"-23,385.01"
29/11/2025,TRANSFER | UPI20251129000558307 | Eternal LTD | U@0809893,,247.20,"-29,385.01"
28/11/2025,TRANSFER | UPI20251128000758546 | KARTHIK H N | U@0750370,,500.00,"-29,137.81"
28/11/2025,TRANSFER | UPI20251128000758201 | KARTHIK H N | U@0650131,,120.00,"-28,637.81"
28/11/2025,TRANSFER | UPI20251128000641699 | KARTHIK H N | U@0727108,23000.00,,"-28,517.81"
25/11/2025,TRANSFER | UPI20251125000394221 | NABIRASUL | U@0376429,,40.00,"-51,517.81"
25/11/2025,TRANSFER | UPI20251125000392884 | MANGAL SINGH | U@0611748,,40.00,"-51,477.81"
25/11/2025,TRANSFER | UPI20251125000391240 | MANJUNATH C P | U@0277379,,80.00,"-51,437.81"
25/11/2025,TRANSFER | UPI20251125000380040 | KARTHIK H N | U@0573687,,500.00,"-51,357.81"
24/11/2025,TRANSFER | UPI20251124001810396 | VARSHITHA N | U@2051452,200.00,,"-50,857.81"
24/11/2025,TRANSFER | UPI20251124001717805 | BMTC BUS KA53F0289 | U@2032834,,28.00,"-51,057.81"
24/11/2025,TRANSFER | UPI20251124001689115 | ANTARASTRIYA | U@2208501,,40.00,"-51,029.81"
24/11/2025,TRANSFER | UPI20251124001666543 | VARSHITHA N | U@2104741,,50.00,"-50,989.81"
24/11/2025,TRANSFER | UPI20251124001666404 | VINAYAK DEVADIGA | U@1827130,,120.00,"-50,939.81"
24/11/2025,TRANSFER | UPI20251124001639202 | KV PRASANNA ENTERPRISES | U@1921426,,80.00,"-50,819.81"
24/11/2025,TRANSFER | UPI20251124001634876 | Clean_Slate_Cafe | U@1698718,,209.00,"-50,739.81"
24/11/2025,TRANSFER | UPI20251124001550782 | KARTHIK H N | U@1804823,,50.00,"-50,530.81"
24/11/2025,TRANSFER | UPI20251124001537333 | BMTC BUS KA57F4599 | U@1901126,,24.00,"-50,480.81"
23/11/2025,TRANSFER | UPI20251124001295863 | CRED Club | U@1355309,,19858.43,"-50,456.81"
23/11/2025,TRANSFER | UPI20251124001295660 | VARSHITHA N N VARSHITHA | U@1455407,20000.00,,"-30,598.38"
23/11/2025,TRANSFER | UPI20251124001149310 | CRED Club | U@1701995,,30000.00,"-50,598.38"
23/11/2025,TRANSFER | UPI20251124000800724 | GOKUL PRASHANTH P | U@1055498,,110.00,"-20,598.38"
21/11/2025,TRANSFER | UPI20251121000099463 | KARTHIK H N | U@0119006,,1000.00,"-20,488.38"
20/11/2025,TRANSFER | UPI20251120000296819 | KARTHIK H N | U@0257872,,500.00,"-19,488.38"
20/11/2025,TRANSFER | UPI20251120000063211 | KARTHIK H N | U@0111152,32500.00,,"-18,988.38"
17/11/2025,TRANSFER | UPI20251117000981694 | S D PUSHPALATHA | U@1089641,,100.00,"-51,488.38"
17/11/2025,TRANSFER | UPI20251117000980573 | VARSHITHA N N VARSHITHA | U@0790332,,7.00,"-51,388.38"
17/11/2025,TRANSFER | UPI20251117000897123 | KARTHIK H N | U@1141898,,50.00,"-51,381.38"
16/11/2025,TRANSFER | UPI20251117000677075 | KARTHIK H N | U@1030341,,50.00,"-51,331.38"
16/11/2025,TRANSFER | UPI20251117000091925 | KARTHIK H N | U@0517789,,50.00,"-51,281.38"
16/11/2025,TRANSFER | UPI20251117000024178 | NABIRASUL | U@0504555,,75.00,"-51,231.38"
15/11/2025,TRANSFER | UPI20251115000130032 | VARSHITHA N | U@0524996,200.00,,"-51,156.38"
13/11/2025,TRANSFER | UPI20251113000338739 | Nagarathna H K | U@0630075,,50.00,"-51,356.38"
13/11/2025,TRANSFER | UPI20251113000328425 | Murugan S K | U@0165591,,50.00,"-51,306.38"
13/11/2025,TRANSFER | UPI20251113000307233 | SRI GURU RAGHAVENDRA | U@0624190,,100.00,"-51,256.38"
13/11/2025,TRANSFER | UPI20251113000280944 | Niranjan Gowda V D | U@0618824,,126.00,"-51,156.38"
13/11/2025,TRANSFER | UPI20251113000274712 | KARTHIK H N | U@0353393,300.00,,"-51,030.38"
12/11/2025,TRANSFER | UPI20251112000636822 | S D PUSHPALATHA | U@0627464,,7000.00,"-51,330.38"
12/11/2025,TRANSFER | UPI20251112000635378 | VARSHITHA N N VARSHITHA | U@0825207,7000.00,,"-44,330.38"
10/11/2025,TRANSFER | UPI20251110001958437 | Burger King | U@1886315,,146.96,"-51,330.38"
10/11/2025,TRANSFER | UPI20251110001957527 | KARTHIK H N | U@2083454,100.00,,"-51,183.42"
10/11/2025,TRANSFER | UPI20251110001910966 | Burger King | U@1675804,,83.96,"-51,283.42"
10/11/2025,TRANSFER | UPI20251110001891968 | Burger King | U@2070223,,83.96,"-51,199.46"
10/11/2025,TRANSFER | UPI20251110001891552 | KARTHIK H N | U@1672091,200.00,,"-51,115.50"
09/11/2025,TRANSFER | UPI20251110000851029 | Blinkit | U@0767312,,230.00,"-51,315.50"
09/11/2025,TRANSFER | UPI20251110000822989 | VARSHITHA N N VARSHITHA | U@0962293,,10.00,"-51,085.50"
09/11/2025,TRANSFER REVERSAL | UPI20251110000822951 | VARSHITHA N N VARSHITHA | null/null | NA | U@0861907,,10.00,"-51,075.50"
09/11/2025,TRANSFER | UPI20251110000822915 | VARSHITHA N N VARSHITHA | U@0761644,,10.00,"-51,065.50"
09/11/2025,TRANSFER | UPI20251110000822023 | VARSHITHA N N VARSHITHA | U@1060453,264.00,,"-51,055.50"
08/11/2025,TRANSFER | UPI20251110000620362 | MUDASIR PASHA | U@1021441,,127.00,"-51,319.50"
08/11/2025,TRANSFER | UPI20251110000580428 | VARSHITHA N N VARSHITHA | U@0914208,,69.00,"-51,192.50"
07/11/2025,TRANSFER | UPI20251107000493288 | Pradeep Kumar Sonkar | U@0196998,,40.00,"-51,123.50"
06/11/2025,TRANSFER | UPI20251106000548322 | Jagdeesh Kumar | U@1006741,,20.00,"-51,083.50"
06/11/2025,TRANSFER | UPI20251106000542622 | SRIDHAR HOLLA K N | U@1005601,,30.00,"-51,063.50"
06/11/2025,TRANSFER | UPI20251106000435412 | SUNIL D | U@0485373,,40.00,"-51,033.50"
06/11/2025,TRANSFER | UPI20251106000390109 | S D PUSHPALATHA | U@0376002,,1800.00,"-50,993.50"
06/11/2025,TRANSFER | UPI20251106000389573 | VARSHITHA N N VARSHITHA | U@0476332,2000.00,,"-49,193.50"
05/11/2025,TRANSFER | UPI20251105000695444 | Jagdeesh Kumar | U@0937697,,20.00,"-51,193.50"
05/11/2025,TRANSFER | UPI20251105000687358 | Bhagyamma V G | U@1033126,,100.00,"-51,173.50"
05/11/2025,TRANSFER | UPI20251105000323705 | SUBRAMANYA G S O GANESHAPPA | U@0163583,,870.00,"-51,073.50"
05/11/2025,TRANSFER | UPI20251105000322776 | Bhagyamma V G | U@0464070,1000.00,,"-50,203.50"
04/11/2025,TRANSFER | UPI20251104000678573 | Jagdeesh Kumar | U@0678051,,20.00,"-51,203.50"
04/11/2025,TRANSFER | ECS-BD-IndusindBankLoan | TIAJ12804479 | Z@ED76607,,11377.00,"-51,183.50"
03/11/2025,TRANSFER | UPI20251103002859553 | Jagdeesh Kumar | U@3166052,,20.00,"-39,806.50"
03/11/2025,TRANSFER | UPI20251103002570457 | SACHIN | U@2811451,,60.00,"-39,786.50"
03/11/2025,TRANSFER | UPI20251103002560367 | VARSHITHA N N VARSHITHA | U@2809497,299.00,,"-39,726.50"
03/11/2025,TRANSFER | UPI20251103002556771 | Dreamplug Service Private Limited | U@2907751,,299.00,"-40,025.50"
03/11/2025,TRANSFER | UPI20251103002102932 | VARSHITHA N N VARSHITHA | U@2415916,,200.00,"-39,726.50"
02/11/2025,TRANSFER | UPI20251103000833022 | S D PUSHPALATHA | U@1129650,,1800.00,"-39,526.50"
02/11/2025,TRANSFER | UPI20251103000824629 | VARSHITHA N N VARSHITHA | U@0962213,,9478.65,"-37,726.50"
29/10/2025,TRANSFER | UPI20251029000484574 | SRIDHAR HOLLA K N | U@0494580,,30.00,"-28,247.85"
29/10/2025,TRANSFER | UPI20251029000238565 | Mr MOULALI | U@0145833,,63.00,"-28,217.85"
29/10/2025,TRANSFER | UPI20251029000236274 | RAVICHANDRA U | U@0145435,100.00,,"-28,154.85"
28/10/2025,TRANSFER | UPI20251028000487314 | SRIDHAR HOLLA K N | U@0295568,,50.00,"-28,254.85"
28/10/2025,TRANSFER | UPI20251028000482830 | Mr RAJANAIK | U@0194119,,40.00,"-28,204.85"
27/10/2025,TRANSFER | UPI20251027001823012 | SHANID PAZHUKKATH VA | U@1756796,,120.00,"-28,164.85"
27/10/2025,TRANSFER | UPI20251027001812480 | Anil Sonakar | U@1954249,,20.00,"-28,044.85"
26/10/2025,TRANSFER | UPI20251027000734450 | Jayalakshmi | U@0941742,,35.00,"-28,024.85"
26/10/2025,TRANSFER | UPI20251027000733400 | NABIRASUL | U@0941499,,48.00,"-27,989.85"
25/10/2025,TRANSFER | UPI20251027000624036 | ZOMATO | U@1020691,,233.15,"-27,941.85"
25/10/2025,TRANSFER | UPI20251027000580729 | KARTHIK H N | U@0616499,,12000.00,"-27,708.70"
25/10/2025,TRANSFER | UPI20251027000396825 | ETERNAL LIMITED | U@0176128,,403.20,"-15,708.70"
25/10/2025,TRANSFER | UPI20251027000288830 | KARTHIK H N | U@0457770,,1000.00,"-15,305.50"
25/10/2025,TRANSFER | UPI20251027000252823 | M RAMYA | U@0249429,,94.00,"-14,305.50"
25/10/2025,TRANSFER | UPI20251027000242505 | KARTHIK H N | U@0247391,14000.00,,"-14,211.50"
25/10/2025,TRANSFER | UPI20251027000174404 | NAGARAJA D M | U@0234003,,87.00,"-28,211.50"
25/10/2025,TRANSFER | UPI20251027000140199 | RAJU H G | U@0125572,,65.00,"-28,124.50"
25/10/2025,TRANSFER | UPI20251027000139841 | KARTHIK H N | U@0527424,200.00,,"-28,059.50"
24/10/2025,TRANSFER | UPI20251024000549287 | VARSHITHA N N VARSHITHA | U@1006338,,90.70,"-28,259.50"
24/10/2025,TRANSFER | UPI20251024000495620 | Raghunatha H | U@0497210,,60.00,"-28,168.80"
22/10/2025,TRANSFER | UPI20251022000084924 | JAGADEESHA H | U@0115684,,10.00,"-28,108.80"
22/10/2025,TRANSFER | UPI20251022000039783 | NAVAAZ | U@0207755,,40.00,"-28,098.80"
21/10/2025,TRANSFER | UPI20251021000068529 | D G NARAYANA | U@0112876,200.00,,"-28,058.80"
19/10/2025,TRANSFER | UPI20251020000664261 | VARSHITHA N N VARSHITHA | U@1028845,,107.00,"-28,258.80"
19/10/2025,TRANSFER | UPI20251020000323898 | VARSHITHA N N VARSHITHA | U@0264241,,46.00,"-28,151.80"
17/10/2025,TRANSFER | UPI20251017000668966 | RAMESH | U@0931122,,20.00,"-28,105.80"
17/10/2025,TRANSFER | UPI20251017000582162 | SHANID PAZHUKKATH VA | U@1014130,,125.00,"-28,085.80"
17/10/2025,TRANSFER | UPI20251017000579278 | Anil Sonakar | U@0913386,,40.00,"-27,960.80"
17/10/2025,TRANSFER | UPI20251017000390771 | N MANJUNATHA | U@0176100,225.00,,"-27,920.80"
13/10/2025,TRANSFER | UPI20251013001833639 | SANMAN RESTAURANT | U@2056993,,40.00,"-28,145.80"
13/10/2025,TRANSFER | UPI20251013001825614 | DHRUVAKUMAR DESAI | U@1758960,,300.00,"-28,105.80"
13/10/2025,TRANSFER | UPI20251013001750078 | KARTHIK H N | U@1648048,,50.00,"-27,805.80"
13/10/2025,TRANSFER | UPI20251013001693415 | LAKKEGOWDA | U@1832599,,89.00,"-27,755.80"
13/10/2025,TRANSFER | UPI20251013001681109 | RAVICHANDRA U | U@1830007,500.00,,"-27,666.80"
11/10/2025,TRANSFER | UPI20251013000650833 | SHANKAR | U@0628303,,275.00,"-28,166.80"
11/10/2025,TRANSFER | UPI20251013000593670 | KARTHIK H N | U@0616948,250.00,,"-27,891.80"
11/10/2025,TRANSFER | UPI20251013000541061 | Anil Sonakar | U@0905990,,60.00,"-28,141.80"
11/10/2025,TRANSFER | UPI20251013000340370 | SVELU | U@0366366,,50.00,"-28,081.80"
11/10/2025,TRANSFER | UPI20251013000338146 | KARTHIK H N | U@0465843,100.00,,"-28,031.80"
11/10/2025,TRANSFER | UPI20251013000173523 | MALLIKARJUN | U@0233666,,266.00,"-28,131.80"
11/10/2025,TRANSFER | UPI20251013000156599 | S D PUSHPALATHA | U@0430161,300.00,,"-27,865.80"
09/10/2025,TRANSFER | UPI20251009000590721 | MEGHA B | U@0616959,,70.00,"-28,165.80"
06/10/2025,TRANSFER | UPI20251006001211053 | RajeshS | U@1140130,,50.00,"-28,095.80"
06/10/2025,TRANSFER | UPI20251006001209110 | Syed Aziz Fruit Stall SYED AJIT BAR | U@1437511,,150.00,"-28,045.80"
06/10/2025,TRANSFER | UPI20251006001059249 | Jio | U@1508065,,350.80,"-27,895.80"
06/10/2025,TRANSFER | UPI20251006001058777 | VARSHITHA N N VARSHITHA | U@1507957,,592.00,"-27,545.00"
05/10/2025,TRANSFER | UPI20251006000216034 | AMRUTHA LAKSHMI S A | U@0341958,,209.00,"-26,953.00"
05/10/2025,TRANSFER | UPI20251006000117458 | Amazon Pay on Delivery | U@0123084,,580.00,"-26,744.00"
05/10/2025,TRANSFER | UPI20251006000033926 | NABIRASUL | U@0206572,,10.00,"-26,164.00"
05/10/2025,TRANSFER | UPI20251006000033779 | NABIRASUL | U@0106565,,30.00,"-26,154.00"
04/10/2025,TRANSFER | UPI20251004000462279 | D G NARAYANA | U@0590605,600.00,,"-26,124.00"
04/10/2025,TRANSFER | ECS-BD-IndusindBankLoan | TIAJ12644840 | Z@ED63719,,11377.00,"-26,724.00"
03/10/2025,TRANSFER | UPI20251003002734332 | Pradeep Kumar Sonkar | U@3039361,,40.00,"-15,347.00"
03/10/2025,TRANSFER | UPI20251003002524904 | SAGAR | U@2900875,,301.00,"-15,307.00"
02/10/2025,TRANSFER | UPI20251003000751229 | KARTHIK H N | U@1202985,,22500.00,"-15,006.00"
01/10/2025,INTEREST | CREDIT INTEREST | FROM JUL25 TO SEP25 | ZDD400009,,20.55,"7,494.00"
01/10/2025,TRANSFER | UPI20251001000721706 | KARTHIK H N | U@0686863,20500.00,,"7,514.55"
01/10/2025,TRANSFER | UPI20251001000720779 | KARTHIK H N | U@0778932,2000.00,,"-12,985.45"
01/10/2025,TRANSFER | UPI20251001000453442 | ETERNAL LIMITED | U@0633943,,298.95,"-14,985.45"
30/09/2025,TRANSFER | UPI20250930000673095 | SMARTSHIFT LOGISTICS SOLUTIONS PRIV | U@0733490,,278.00,"-14,686.50"
30/09/2025,TRANSFER | UPI20250930000672595 | D G NARAYANA | U@0733391,,300.00,"-14,408.50"
30/09/2025,TRANSFER | UPI20250930000378296 | ZOMATO | U@0575254,,186.50,"-14,108.50"
30/09/2025,TRANSFER | UPI20250930000302937 | BMTC BUS KA57F3694 | U@0260547,,24.00,"-13,922.00"
30/09/2025,TRANSFER | UPI20250930000279649 | BMTC BUS KA51AK4249 | U@0153868,,12.00,"-13,898.00"
30/09/2025,TRANSFER | UPI20250930000276216 | VARSHITHA N N VARSHITHA | U@0452184,11000.00,,"-13,886.00"
30/09/2025,TRANSFER | UPI20250930000185239 | Mr LOKESH NAIK L | U@0135442,,278.00,"-24,886.00"
30/09/2025,TRANSFER | UPI20250930000118988 | Mr MANJUNATHA G | U@0122243,,11.00,"-24,608.00"
30/09/2025,TRANSFER | UPI20250930000117638 | Jayalakshmi | U@0421238,,15.00,"-24,597.00"
29/09/2025,TRANSFER | UPI20250929001990844 | S D PUSHPALATHA | U@2166255,,2000.00,"-24,582.00"
29/09/2025,TRANSFER | UPI20250929001850288 | KARTHIK H N | U@1960536,2000.00,,"-22,582.00"
29/09/2025,TRANSFER | UPI20250929001552854 | VIKRAM | U@1775662,,191.00,"-24,582.00"
29/09/2025,TRANSFER | UPI20250929001512224 | NAVEENA | U@1767740,,97.00,"-24,391.00"
28/09/2025,TRANSFER | UPI20250929001252653 | KARTHIK H N | U@1543309,,150.00,"-24,294.00"
27/09/2025,TRANSFER | UPI20250929000453684 | PREMA KUMAR S K | U@0390250,2000.00,,"-24,144.00"
27/09/2025,TRANSFER | UPI20250929000414963 | BMTC BUS KA57F4649 | U@0653725,,12.00,"-26,144.00"
27/09/2025,TRANSFER | UPI20250929000400787 | KARTHIK H N | U@0650956,,1800.00,"-26,132.00"
27/09/2025,TRANSFER | UPI20250929000398098 | S D PUSHPALATHA | U@0378831,2000.00,,"-24,332.00"
27/09/2025,TRANSFER | UPI20250929000233701 | RAHUL PARMESH LAMDAD | U@0245637,,50.00,"-26,332.00"
27/09/2025,TRANSFER | UPI20250929000218906 | Anil Sonakar | U@0242654,,40.00,"-26,282.00"
27/09/2025,TRANSFER | UPI20250929000162817 | SULTAN | U@0231491,,297.00,"-26,242.00"
26/09/2025,TRANSFER | UPI20250926000599208 | Gangadevi G N | U@0717485,,102.00,"-25,945.00"
26/09/2025,TRANSFER | UPI20250926000462892 | N R SHIVAKUMAR | U@0389725,,50.00,"-25,843.00"
26/09/2025,TRANSFER | UPI20250926000269054 | MAHESHKUMAR R | U@0452994,,293.00,"-25,793.00"
26/09/2025,TRANSFER | UPI20250926000165812 | MANU M G | U@0432711,,278.00,"-25,500.00"
26/09/2025,TRANSFER | UPI20250926000129083 | S D PUSHPALATHA | U@0425086,1000.00,,"-25,222.00"
25/09/2025,TRANSFER | UPI20250925000414060 | S D PUSHPALATHA | U@0580333,120.00,,"-26,222.00"
25/09/2025,TRANSFER | UPI20250925000221944 | VARSHITHA N N VARSHITHA | U@0142027,,44.00,"-26,342.00"
25/09/2025,TRANSFER | UPI20250925000133689 | D JAGADISH | U@0324232,,49.00,"-26,298.00"
25/09/2025,TRANSFER | UPI20250925000132141 | Bangalore Metro Rail Corporation Lt | U@0226472,,50.00,"-26,249.00"
23/09/2025,TRANSFER | UPI20250923000463334 | SARASWATHI | U@0587170,,50.00,"-26,199.00"
23/09/2025,TRANSFER | UPI20250923000147280 | M LATHA | U@0526232,,308.00,"-26,149.00"
23/09/2025,TRANSFER | UPI20250923000126171 | Bhagyamma V G | U@0424789,,500.00,"-25,841.00"
18/09/2025,TRANSFER | UPI20250918000292056 | SANMAN RESTAURANT | U@0456473,,45.00,"-25,341.00"
15/09/2025,TRANSFER | UPI20250915001520232 | UPI Credit adjustment for reference | U@1496992,,34.20,"-25,296.00"
14/09/2025,TRANSFER | UPI20250915000672221 | Poornima | U@0633307,,100.00,"-25,261.80"
14/09/2025,TRANSFER | UPI20250915000669932 | NABIRASUL | U@0730136,,78.00,"-25,161.80"
13/09/2025,TRANSFER | UPI20250915000248452 | VARSHITHA N N VARSHITHA | U@0348101,,69.00,"-25,083.80"
12/09/2025,TRANSFER | UPI20250912000105358 | AXELIA SOLUTIONS PRIVATE LIMITED | U@0421678,,1049.84,"-25,014.80"
12/09/2025,TRANSFER | UPI20250912000105048 | Bhagyamma V G | U@0520792,,1050.00,"-23,964.96"
11/09/2025,TRANSFER | UPI20250911000310390 | ZOMATO | U@0562456,,160.70,"-22,914.96"
10/09/2025,TRANSFER | UPI20250910000535764 | Bhagyamma V G | U@0707323,,260.00,"-22,754.26"
10/09/2025,TRANSFER | UPI20250910000354686 | Zomato private Limited | U@0371106,,258.56,"-22,494.26"
10/09/2025,TRANSFER | UPI20250910000098088 | VARSHITHA N N VARSHITHA | U@0119221,265.00,,"-22,235.70"
09/09/2025,TRANSFER | UPI20250909000316979 | Prashantha N | U@0261293,,30.00,"-22,500.70"
09/09/2025,TRANSFER | UPI20250909000158382 | YOGESHA | U@0329914,,10.00,"-22,470.70"
08/09/2025,TRANSFER | UPI20250908001221222 | RAJESH | U@1141855,,56.00,"-22,460.70"
08/09/2025,TRANSFER | UPI20250908001144325 | Burger King | U@1325384,,118.62,"-22,404.70"
08/09/2025,TRANSFER | UPI20250908000897368 | NATARAJA S | U@0777332,,56.00,"-22,286.08"
08/09/2025,TRANSFER | UPI20250908000864910 | PAYTM RECHARGES | U@0770792,,350.80,"-22,230.08"
08/09/2025,TRANSFER | UPI20250908000862798 | Dreamplug Service Private Limited | U@0770460,,883.82,"-21,879.28"
06/09/2025,TRANSFER | UPI20250906000420116 | ZOMATO | U@0183351,,173.00,"-20,995.46"
06/09/2025,TRANSFER | UPI20250906000405229 | ASHOKA MM | U@0658403,,93.00,"-20,822.46"
06/09/2025,TRANSFER | UPI20250906000404379 | RATNAMMA | U@0379850,,60.00,"-20,729.46"
06/09/2025,TRANSFER | UPI20250906000392325 | HARWARD INTERNATIONAL SCHOOL | U@0656287,,40000.00,"-20,669.46"
06/09/2025,TRANSFER | UPI20250906000388633 | ASHOKA MM | U@0477508,,91.00,"19,330.54"
04/09/2025,TRANSFER | UPI20250904000540820 | Rohith Y | U@0742105,,207.00,"19,421.54"
04/09/2025,TRANSFER | UPI20250904000494292 | KARTHIK H N | U@0398364,,20.00,"19,628.54"
04/09/2025,TRANSFER | UPI20250904000230383 | KANNAN A | U@0345730,,167.00,"19,648.54"
04/09/2025,TRANSFER | ECS-BD-IndusindBankLoan | TIAJ12438828 | Z@ED55675,,11377.00,"19,815.54"
03/09/2025,TRANSFER | UPI20250903001534193 | VENUGOPALA K S | U@1805209,,281.00,"31,192.54"
03/09/2025,TRANSFER | UPI20250903001495886 | MANOJ KUMAR | U@1199255,,80.00,"31,473.54"
03/09/2025,TRANSFER | UPI20250903001487528 | S D PUSHPALATHA | U@1197734,,596.00,"31,553.54"
03/09/2025,TRANSFER | UPI20250903001433866 | HALESHAPPA M S | U@1385662,,45.00,"32,149.54"
03/09/2025,TRANSFER | UPI20250903001420411 | HALESHAPPA M S | U@1184609,,45.00,"32,194.54"
03/09/2025,TRANSFER | UPI20250903001417719 | VINAY KUMAR K B | U@1382648,50000.00,,"32,239.54"
03/09/2025,TRANSFER | UPI20250903001416892 | VINAY KUMAR K B | U@1183899,1.00,,"-17,760.46"
03/09/2025,TRANSFER | UPI20250903001355684 | Jio | U@1171476,,902.00,"-17,761.46"
02/09/2025,TRANSFER | UPI20250902000414494 | D V SOMASHEKHAR | U@0180853,,10.00,"-16,859.46"
02/09/2025,TRANSFER | UPI20250902000398378 | BMTC BUS KA57F5400 | U@0276600,,23.00,"-16,849.46"
02/09/2025,TRANSFER | UPI20250902000351289 | BMTC BUS KA57F3474 | U@0267543,,30.00,"-16,826.46"
02/09/2025,TRANSFER | UPI20250902000320572 | VINAYAK DEVADIGA | U@0362723,,70.00,"-16,796.46"
02/09/2025,TRANSFER | UPI20250902000280986 | VINAYAK DEVADIGA | U@0455270,,110.00,"-16,726.46"
02/09/2025,TRANSFER | UPI20250902000237320 | SRI GANESHA BOMBAY VADAPAV CORNER | U@0346614,,60.00,"-16,616.46"
02/09/2025,TRANSFER | UPI20250902000098606 | Chikkamma | U@0418995,,30.00,"-16,556.46"
02/09/2025,TRANSFER | UPI20250902000090096 | M S RAJU | U@0216935,,15.00,"-16,526.46"
02/09/2025,TRANSFER | UPI20250902000087322 | MARUTHI K | U@0416728,,270.00,"-16,511.46"
01/09/2025,TRANSFER | UPI20250901001477413 | MEGHA B | U@1195716,,140.00,"-16,241.46"
01/09/2025,TRANSFER | UPI20250901001474226 | RAM MEDICALS | U@1290874,,80.00,"-16,101.46"
01/09/2025,TRANSFER | UPI20250901001463768 | UDAY B PAWAR | U@1389850,,538.00,"-16,021.46"
01/09/2025,TRANSFER | UPI20250901001230270 | JANAPRIYA CAKES AND BAKES | U@1342515,,260.00,"-15,483.46"
31/08/2025,TRANSFER | UPI20250901000272656 | Zomato private Limited | U@0353793,,262.36,"-15,223.46"
31/08/2025,TRANSFER | UPI20250901000245149 | NABIRASUL | U@0447122,,82.00,"-14,961.10"
30/08/2025,TRANSFER | UPI20250830000644546 | PREMA | U@1023554,,300.00,"-14,879.10"
30/08/2025,TRANSFER | UPI20250830000555541 | HOTEL SAMRUDDHI | U@0711460,,145.00,"-14,579.10"
30/08/2025,TRANSFER | UPI20250830000526433 | THOGARIHUNKAL ESTATES PRIVATE | U@1000151,,70.00,"-14,434.10"
30/08/2025,TRANSFER | UPI20250830000352993 | NOOR AYESHA | U@0569911,,54.00,"-14,364.10"
30/08/2025,TRANSFER | UPI20250830000293141 | SHASHI KANTH P | U@0354903,,65.00,"-14,310.10"
30/08/2025,TRANSFER | UPI20250830000166739 | Mr MAHESH B G | U@0532878,,300.00,"-14,245.10"
29/08/2025,TRANSFER | UPI20250829000590672 | ZOMATO | U@0815390,,172.41,"-13,945.10"
29/08/2025,TRANSFER | UPI20250829000038088 | POORNIMA T | U@0407090,,120.00,"-13,772.69"
28/08/2025,TRANSFER | UPI20250828000524403 | NABIRASUL | U@0690335,,380.00,"-13,652.69"
28/08/2025,TRANSFER | UPI20250828000520877 | SHASHANK D M | U@0803065,,240.00,"-13,272.69"
28/08/2025,TRANSFER | UPI20250828000356780 | Jayalakshmi | U@0168991,,50.00,"-13,032.69"
28/08/2025,TRANSFER | UPI20250828000356082 | NABIRASUL | U@0472125,,470.00,"-12,982.69"
28/08/2025,TRANSFER | UPI20250828000035554 | POORNIMA T | U@0106636,,80.00,"-12,512.69"
27/08/2025,TRANSFER | UPI20250827000332009 | D G NARAYANA | U@0464334,10000.00,,"-12,432.69"
25/08/2025,TRANSFER | UPI20250825001497685 | Amazon India | U@1490825,,204.00,"-22,432.69"
25/08/2025,TRANSFER | UPI20250825001497130 | Bhagyamma V G | U@1681949,200.00,,"-22,228.69"
24/08/2025,TRANSFER | UPI20250825000751241 | NABIRASUL | U@0946702,,10.00,"-22,428.69"
23/08/2025,TRANSFER | UPI20250825000486332 | Jayalakshmi | U@0595195,,10.00,"-22,418.69"
23/08/2025,TRANSFER | UPI20250825000485703 | NABIRASUL | U@0395842,,25.00,"-22,408.69"
23/08/2025,TRANSFER | UPI20250825000234663 | ZOMATO | U@0443776,,179.80,"-22,383.69"
23/08/2025,TRANSFER | UPI20250825000062821 | C N SHIVARAJU | U@0313642,300.00,,"-22,203.89"
11/08/2025,TRANSFER | UPI20250811001443333 | Airtel | U@2321232,,490.80,"-22,503.89"
11/08/2025,TRANSFER | UPI20250811001425983 | MANJUNATHA B C | U@2414742,,160.00,"-22,013.09"
11/08/2025,TRANSFER | UPI20250811001394930 | VENKATESH L | U@2114674,,149.00,"-21,853.09"
11/08/2025,TRANSFER | UPI20250811001378528 | NARASIMHAMURTHY | U@2208878,,270.00,"-21,704.09"
09/08/2025,TRANSFER | UPI20250811000387442 | ZOMATO | U@0274877,,180.55,"-21,434.09"
07/08/2025,TRANSFER | UPI20250807000299098 | SANTHOSH O P | U@0557666,,36.00,"-21,253.54"
06/08/2025,TRANSFER | UPI20250806000605562 | DURGARAM | U@0621466,,30.00,"-21,217.54"
06/08/2025,TRANSFER | UPI20250806000341847 | Nagaraju K | U@0569036,,50.00,"-21,187.54"
06/08/2025,TRANSFER | UPI20250806000230820 | Mr GIRISH G T | U@0346457,,120.00,"-21,137.54"
06/08/2025,TRANSFER | UPI20250806000227990 | SHANESHWRA STORE | U@0243533,,150.00,"-21,017.54"
05/08/2025,TRANSFER | UPI20250805000436748 | RANGASWAMY S | U@0284884,,91.00,"-20,867.54"
05/08/2025,TRANSFER | UPI20250805000410510 | NEW AGARWAL BHAVAN DASANPURA | U@0480898,,252.00,"-20,776.54"
05/08/2025,TRANSFER | UPI20250805000377575 | MOHAN KUMAR G N | U@0272503,,85.00,"-20,524.54"
04/08/2025,TRANSFER | UPI20250804002362170 | RATNAMMA | U@2568424,,60.00,"-20,439.54"
04/08/2025,TRANSFER | UPI20250804002271756 | M/S.INDRAPRASTHA VEGETARIAN VIJAYAN | U@2351816,,919.00,"-20,379.54"
04/08/2025,TRANSFER | UPI20250804002107766 | THE AMRITH CAFE | U@2518492,,80.00,"-19,460.54"
04/08/2025,TRANSFER | UPI20250804002049362 | Bhagyamma V G | U@2112118,,220.00,"-19,380.54"
04/08/2025,TRANSFER | ECS-BD-IndusindBankLoan | TIAJ12335274 | Z@ED47480,,11377.00,"-19,160.54"
04/08/2025,TRANSFER | UPI20250804002008803 | VARSHITHA N N VARSHITHA | U@2104013,11400.00,,"-7,783.54"
04/08/2025,TRANSFER | UPI20250804001983837 | D G NARAYANA | U@1795411,220.00,,"-19,183.54"
01/08/2025,TRANSFER | UPI20250801000417623 | PUSHPALATHA S D | U@0701439,550.00,,"-19,403.54"
30/07/2025,TRANSFER | UPI20250730000362286 | PUSHPALATHA S D | U@0170437,2525.00,,"-19,953.54"
29/07/2025,TRANSFER | UPI20250729000212561 | Restaurant Brands Asia Limited | U@0240652,,73.46,"-22,478.54"
29/07/2025,TRANSFER | UPI20250729000170141 | Burger King | U@0135190,,41.96,"-22,405.08"
29/07/2025,TRANSFER | UPI20250729000149573 | Burger King | U@0130758,,83.96,"-22,363.12"
29/07/2025,TRANSFER | UPI20250729000129168 | Burger King | U@0425173,,193.16,"-22,279.16"
28/07/2025,TRANSFER | UPI20250728001607794 | KARTHIK H N | U@1618609,,500.00,"-22,086.00"
27/07/2025,TRANSFER | UPI20250728000672580 | D G NARAYANA | U@0732654,,99999.00,"-21,586.00"
27/07/2025,TRANSFER | UPI20250728000672366 | Bhagyamma V G | U@0732546,99999.00,,"78,413.00"
22/07/2025,TRANSFER | UPI20250722000498599 | KARTHIK H N | U@0496227,,1000.00,"-21,586.00"
22/07/2025,TRANSFER | UPI20250722000322531 | ZOMATO LIMITED | U@0563083,,148.30,"-20,586.00"
20/07/2025,TRANSFER | UPI20250721000182492 | ZOMATO LIMITED | U@0535047,,253.85,"-20,437.70"
20/07/2025,TRANSFER | UPI20250721000180858 | Zomato Online Order | U@0436229,,477.90,"-20,183.85"
20/07/2025,TRANSFER | UPI20250721000020762 | Zomato Online Order | U@0104108,,172.10,"-19,705.95"
19/07/2025,TRANSFER | UPI20250719000092299 | ZOMATO | U@0518139,,191.43,"-19,533.85"
18/07/2025,TRANSFER | UPI20250718000430357 | KARTHIK H N | U@0584273,,200.00,"-19,342.42"
16/07/2025,TRANSFER | UPI20250716000048963 | PharmEasy | U@0409381,,901.02,"-19,142.42"
12/07/2025,TRANSFER | UPI20250714000409114 | HARSHITH M S | U@0580846,150.00,,"-18,241.40"
12/07/2025,TRANSFER | UPI20250714000321937 | FERILION LABS PRIVATE LIMITED | U@0163143,,4000.00,"-18,391.40"
10/07/2025,TRANSFER | UPI20250710000035769 | Blinkit | U@0306663,,270.00,"-14,391.40"
09/07/2025,TRANSFER | UPI20250709000498062 | Chikkanna | U@0597894,,10.00,"-14,121.40"
09/07/2025,TRANSFER | UPI20250709000405612 | NABIRASUL | U@0179808,,75.00,"-14,111.40"
09/07/2025,TRANSFER | UPI20250709000348397 | Zomato Online Order | U@0468814,,170.20,"-14,036.40"
09/07/2025,TRANSFER | UPI20250709000288662 | BAKE AND FRESH | U@0557081,,280.00,"-13,866.20"
09/07/2025,TRANSFER | UPI20250709000205268 | Venkatesh M | U@0440250,,95.00,"-13,586.20"
09/07/2025,TRANSFER | UPI20250709000183257 | SRI GANESH PHARMA | U@0135696,,145.00,"-13,491.20"
09/07/2025,TRANSFER | UPI20250709000172563 | MAHESH LABORATORY | U@0534024,,100.00,"-13,346.20"
09/07/2025,TRANSFER | UPI20250709000152551 | LakshmiMaternityAndSurgicalCenterBA | U@0330216,,700.00,"-13,246.20"
09/07/2025,TRANSFER | UPI20250709000114940 | SUNIL | U@0422301,,215.00,"-12,546.20"
08/07/2025,TRANSFER | UPI20250708000473386 | Mr MANJUNATHA G | U@0493289,,28.00,"-12,331.20"
08/07/2025,TRANSFER | UPI20250708000467628 | VEERA KYATAPPA | U@0292805,,45.00,"-12,303.20"
08/07/2025,TRANSFER | UPI20250708000465420 | NIRMAL KUMAR D | U@0491677,,300.00,"-12,258.20"
08/07/2025,TRANSFER | UPI20250708000288145 | ASWIN ASHOK | U@0456801,,349.00,"-11,958.20"
08/07/2025,TRANSFER | UPI20250708000224234 | THALASSERY RESTAURANT | U@0610212,,378.00,"-11,609.20"
08/07/2025,TRANSFER | UPI20250708000159657 | MRS MANJULA BASAPPA GANAGER | U@0431285,,40.00,"-11,231.20"
08/07/2025,TRANSFER | UPI20250708000147866 | HANUAMATA | U@0128460,,80.00,"-11,191.20"
08/07/2025,TRANSFER | UPI20250708000085438 | Bangalore Metro Rail Corporation Lt | U@0516678,,500.00,"-11,111.20"
08/07/2025,TRANSFER | UPI20250708000083836 | MOHAN KUMAR G N | U@0416470,,50.00,"-10,611.20"
07/07/2025,TRANSFER | UPI20250707000675063 | JAGADISH KUMAR | U@1099440,,30.00,"-10,561.20"
06/07/2025,TRANSFER | UPI20250707000292688 | KARTHIK H N | U@0923192,,500.00,"-10,531.20"
06/07/2025,TRANSFER | UPI20250707000097816 | ZOMATO | U@0419105,,179.80,"-10,031.20"
05/07/2025,TRANSFER | UPI20250705000751888 | KARTHIK H N | U@1403702,,200.00,"-9,851.40"
05/07/2025,TRANSFER | UPI20250705000731352 | KARTHIK H N | U@1144245,1000.00,,"-9,651.40"
05/07/2025,TRANSFER | UPI20250705000730256 | KARTHIK H N | U@1243909,,1000.00,"-10,651.40"
05/07/2025,TRANSFER | UPI20250705000108819 | KARTHIK H N | U@0121249,,5000.00,"-9,651.40"
05/07/2025,TRANSFER | UPI20250705000043074 | Blinkit | U@0208657,,990.00,"-4,651.40"
04/07/2025,TRANSFER | UPI20250704000452276 | RAGHAVENDRA S V | U@2956639,,40.00,"-3,661.40"
04/07/2025,TRANSFER | UPI20250704000355265 | Sribalajijuiceandchats | U@2838094,,140.00,"-3,621.40"
04/07/2025,TRANSFER | UPI20250704000354155 | LIFE CARE MEDICALS 2 | U@2837861,,25.00,"-3,481.40"
04/07/2025,TRANSFER | UPI20250704000268622 | JAYALAKSHMI | U@2920399,,20.00,"-3,456.40"
04/07/2025,TRANSFER | UPI20250704000257736 | JAYALAKSHMI | U@2518676,,100.00,"-3,436.40"
04/07/2025,TRANSFER | UPI20250704000255401 | K A SADASHIVA | U@2518203,,210.00,"-3,336.40"
04/07/2025,TRANSFER | ECS-BD-IndusindBankLoan | TIAJ12092460 | Z@ED41799,,11377.00,"-3,126.40"
03/07/2025,TRANSFER | UPI20250703001414675 | BHARATH K S | U@1678306,,264.00,"8,250.60"
03/07/2025,TRANSFER | UPI20250703001310557 | Clean Slate Cafe | U@1363329,,1145.00,"8,514.60"
03/07/2025,TRANSFER | UPI20250703001137965 | ZOMATO LIMITED | U@1525085,,400.02,"9,659.60"
03/07/2025,CASH W/D | 03JUL25 ELECTRO 03:10:53 | IN068271INR 2957.00 | POTHYS RETAIL PVT LTD | A89500001,,2957.00,"10,059.62"
02/07/2025,TRANSFER | UPI20250702000423945 | Blinkit | U@0950011,,518.00,"13,016.62"
01/07/2025,INTEREST | CREDIT INTEREST | FROM APR25 TO JUN25 | ZDD400145,44.63,,"13,534.62"
01/07/2025,TRANSFER | UPI20250701000700091 | KARTHIK H N | U@1457672,500.00,,"13,489.99"
01/07/2025,TRANSFER | UPI20250701000699637 | KARTHIK H N | U@1258381,11000.00,,"12,989.99"
01/07/2025,TRANSFER | UPI20250701000545214 | ANAND K | U@1427382,,50.00,"1,989.99"
01/07/2025,TRANSFER | UPI20250701000531444 | KOUSALYA SWEETS AND | U@1504491,,950.00,"2,039.99"
01/07/2025,TRANSFER | UPI20250701000462281 | ABDUL ATEEQ K | U@1211769,,40.00,"2,989.99"
01/07/2025,TRANSFER | UPI20250701000459271 | ROOP SANGAM | U@1211266,,2320.00,"3,029.99"
01/07/2025,TRANSFER | UPI20250701000432778 | Halli Mane Malleswaram 2 | U@0806323,,168.00,"5,349.99"
01/07/2025,TRANSFER | UPI20250701000416712 | ZudioMantri square MallBangalore Z1 | U@0803218,,998.00,"5,517.99"
01/07/2025,TRANSFER | UPI20250701000337391 | E S RAMESHKUMAR | U@0465979,,100.00,"6,515.99"
01/07/2025,TRANSFER | UPI20250701000319745 | N S VASUKI | U@0162424,,260.00,"6,615.99"
30/06/2025,TRANSFER | UPI20250630001452363 | Zomato Ltd | U@2363731,309.16,,"6,875.99"
30/06/2025,TRANSFER | UPI20250630001419357 | Zomato Ltd | U@2357207,,309.16,"6,566.83"
29/06/2025,TRANSFER | UPI20250630001079741 | SHASHANK D M | U@1595253,,90.00,"6,875.99"
29/06/2025,TRANSFER | UPI20250630001079182 | NABIRASUL | U@1790687,,30.00,"6,965.99"
29/06/2025,TRANSFER | UPI20250630000839109 | SHASHANK D M | U@1744156,,95.00,"6,995.99"
29/06/2025,TRANSFER | UPI20250630000655199 | Blinkit | U@1428636,,219.00,"7,090.99"
28/06/2025,TRANSFER | UPI20250630000117921 | Blinkit | U@1204218,,207.00,"7,309.99"
28/06/2025,TRANSFER | UPI20250630000109225 | Zomato Online Order | U@1102422,,208.43,"7,516.99"
28/06/2025,TRANSFER | UPI20250630000030149 | Blinkit | U@0205978,,737.00,"7,725.42"
27/06/2025,TRANSFER | UPI20250627000424795 | SANTHOSH GOWDA B | U@0483587,250.00,,"8,462.42"
27/06/2025,TRANSFER | UPI20250627000413958 | MOHAMMED NASIR | U@0481488,,253.00,"8,212.42"
27/06/2025,TRANSFER | UPI20250627000316698 | Zomato Ltd | U@0161322,,149.50,"8,465.42"
27/06/2025,TRANSFER | UPI20250627000281896 | CHANDRU | U@0455714,,335.00,"8,614.92"
27/06/2025,TRANSFER | UPI20250627000176646 | ANAND K | U@0434784,,400.00,"8,949.92"
27/06/2025,TRANSFER | UPI20250627000131686 | ANAND K | U@0125308,,82.00,"9,349.92"
27/06/2025,TRANSFER | UPI20250627000121076 | MUTTAPPA M HUGAR | U@0223507,,160.00,"9,431.92"
27/06/2025,TRANSFER | UPI20250627000025917 | Blinkit | U@0204865,,240.00,"9,591.92"
26/06/2025,TRANSFER | UPI20250626000192259 | CRED | U@0901350,,20928.45,"9,831.92"
26/06/2025,TRANSFER | UPI20250626000191183 | HARSHITHA N | U@0801117,,5000.00,"30,760.37"
26/06/2025,TRANSFER | UPI20250626000027324 | Jayalakshmi | U@0205014,,65.00,"35,760.37"
26/06/2025,TRANSFER | UPI20250626000026096 | NABIRASUL | U@0304752,,73.00,"35,825.37"
25/06/2025,TRANSFER | UPI20250625000513481 | ZOMATO | U@0645826,90.87,,"35,898.37"
25/06/2025,TRANSFER | UPI20250625000447477 | ZOMATO | U@0486996,,288.50,"35,807.50"
25/06/2025,TRANSFER | UPI20250625000054669 | Zomato Online Order | U@0510780,,171.20,"36,096.00"
25/06/2025,TRANSFER | UPI20250625000023525 | Blinkit | U@0104490,,339.00,"36,267.20"
24/06/2025,TRANSFER | UPI20250624000448333 | ZOMATO | U@0388748,,222.35,"36,606.20"
24/06/2025,TRANSFER | UPI20250624000428518 | Zomato private Limited | U@0483355,,200.75,"36,828.55"
24/06/2025,TRANSFER | UPI20250624000394225 | Mr Nandeesh K S | U@0177624,,94.00,"37,029.30"
24/06/2025,TRANSFER | UPI20250624000325138 | HOTEL SRI GAJANANA | U@0463225,,45.00,"37,123.30"
23/06/2025,TRANSFER | UPI20250623000823722 | RAJA SAHEB | U@0860939,,92.00,"37,168.30"
23/06/2025,TRANSFER | UPI20250623000812197 | Vincent Issac L | U@0957838,,78.00,"37,260.30"
23/06/2025,TRANSFER | UPI20250623000668212 | Blinkit | U@1110707,,254.00,"37,338.30"
22/06/2025,TRANSFER | UPI20250623000285259 | KARTHIK H N | U@0155732,,500.00,"37,592.30"
21/06/2025,TRANSFER | UPI20250621000194150 | VINOD M K | U@0338113,,170.00,"38,092.30"
20/06/2025,TRANSFER | UPI20250620000419275 | Ankithagowda S | U@0582166,,185.00,"38,262.30"
20/06/2025,TRANSFER | UPI20250620000406872 | Mr V Vishwanath | U@0179769,,120.00,"38,447.30"
20/06/2025,TRANSFER | UPI20250620000404612 | GUDIYA | U@0278898,,20.00,"38,567.30"
20/06/2025,TRANSFER | UPI20250620000399481 | MAA ASHIRWAD FASHION | U@0578174,,500.00,"38,587.30"
20/06/2025,TRANSFER | UPI20250620000317289 | MUHAMMED RISAF K P | U@0462506,,75.00,"39,087.30"
20/06/2025,TRANSFER | UPI20250620000225745 | MANJAPPA K V | U@0444504,,105.00,"39,162.30"
20/06/2025,TRANSFER | UPI20250620000115254 | XXXPGN KOTAK 811 OTP PGN | U@0322210,,328.00,"39,267.30"
20/06/2025,TRANSFER | UPI20250620000030371 | Blinkit | U@0305840,,358.00,"39,595.30"
17/06/2025,TRANSFER | UPI20250617000377453 | LEKHRAJ P | U@1544407,16625.00,,"39,953.30"
17/06/2025,TRANSFER | UPI20250617000353596 | GIRISH H | U@1140310,37800.00,,"23,328.30"
17/06/2025,TRANSFER | UPI20250617000122830 | XXXPGN KOTAK 811 SAVINGS BANK PGN 0 | U@0324082,,30.00,"-14,471.70"
14/06/2025,TRANSFER | UPI20250616000430170 | THPELA SIVA SHANKAR | U@0184468,,80.00,"-14,441.70"
14/06/2025,TRANSFER | UPI20250616000210743 | KARTHIK H N | U@0241467,,90.00,"-14,361.70"
12/06/2025,TRANSFER | UPI20250612000174362 | ZOMATO | U@0534405,,389.95,"-14,271.70"
12/06/2025,TRANSFER | UPI20250612000174127 | KARTHIK H N | U@0133506,,390.00,"-13,881.75"
12/06/2025,TRANSFER | UPI20250612000121888 | KARTHIK H N | U@0123307,,50.00,"-13,491.75"
11/06/2025,TRANSFER | UPI20250611000291029 | EKART | U@0456199,,1007.00,"-13,441.75"
11/06/2025,TRANSFER | UPI20250611000289955 | NH | U@0630151,1000.00,,"-12,434.75"
10/06/2025,TRANSFER | UPI20250610000279513 | KIRAN B J | U@1526717,,80.00,"-13,434.75"
10/06/2025,TRANSFER | UPI20250610000252605 | RAJESH S K | U@1421640,,100.00,"-13,354.75"
10/06/2025,TRANSFER | UPI20250610000251949 | RAJESH S K | U@1521375,,20.00,"-13,254.75"
10/06/2025,TRANSFER | UPI20250610000090759 | PharmEasy | U@0417766,,995.23,"-13,234.75"
10/06/2025,TRANSFER | UPI20250610000090623 | Bhagyamma V G | U@0117817,996.00,,"-12,239.52"
09/06/2025,TRANSFER | UPI20250609001102374 | KARTHIK H N | U@1777672,,100.00,"-13,235.52"
09/06/2025,TRANSFER | UPI20250609000864644 | SHIVAKUMAR P M | U@1731173,288.00,,"-13,135.52"
07/06/2025,TRANSFER | UPI20250607000446827 | NABIRASUL | U@0387959,,30.00,"-13,423.52"
07/06/2025,TRANSFER | UPI20250607000444281 | SANTHOSH O P | U@1058884,,24.00,"-13,393.52"
06/06/2025,TRANSFER | UPI20250606000314685 | Polar Bear Malleshwaram | U@0362913,,458.00,"-13,369.52"
06/06/2025,TRANSFER | UPI20250606000271462 | MAHADEVA SWAMY M | U@0553981,,20.00,"-12,911.52"
06/06/2025,TRANSFER | UPI20250606000105441 | ABHISHEK P | U@0220163,,310.00,"-12,891.52"
04/06/2025,TRANSFER | UPI20250604000233567 | Zomato Ltd | U@0145321,,170.25,"-12,581.52"
04/06/2025,TRANSFER | UPI20250604000232336 | Zomato Online Order | U@0545339,,182.95,"-12,411.27"
04/06/2025,TRANSFER | UPI20250604000135569 | KARTHIK H N | U@0425906,5000.00,,"-12,228.32"
04/06/2025,TRANSFER | ECS-BD-IndusindBankLoan | TIAJ11938816 | Z@ED39483,,11377.00,"-17,228.32"
01/06/2025,TRANSFER | UPI20250602000390009 | Zomato Ltd | U@0746851,,777.25,"-5,851.32"
01/06/2025,TRANSFER | UPI20250602000385191 | Zomato Online Order | U@0645830,,493.75,"-5,074.07"
31/05/2025,TRANSFER | UPI CR For | 30-May-25 | U | ILME20836,209.00,,"-4,580.32"
30/05/2025,TRANSFER | UPI20250530000459027 | PAVANA S | U@0389998,,282.00,"-4,789.32"
30/05/2025,TRANSFER | UPI20250530000412822 | Clean Slate Cafe | U@0480856,,209.00,"-4,507.32"
30/05/2025,TRANSFER | UPI20250530000412444 | Clean Slate Cafe | U@0582802,,209.00,"-4,298.32"
30/05/2025,TRANSFER | UPI20250530000367921 | Clean Slate Cafe | U@0573408,,498.00,"-4,089.32"
30/05/2025,TRANSFER | UPI20250530000302215 | RAMASHRAYAM FOODS L L P | U@0359531,,777.00,"-3,591.32"
30/05/2025,TRANSFER | UPI20250530000289608 | ZOMATO | U@0357020,,413.10,"-2,814.32"
30/05/2025,TRANSFER | UPI20250530000288583 | KARTHIK H N | U@0255899,11000.00,,"-2,401.22"
30/05/2025,TRANSFER | UPI20250530000220667 | NARASIMHAMURTHY | U@0242886,,195.00,"-13,401.22"
29/05/2025,TRANSFER | UPI20250529000551682 | KARTHIK H N | U@0808121,,100.00,"-13,206.22"
28/05/2025,TRANSFER | UPI20250528000352255 | KARTHIK H N | U@0266827,,50.00,"-13,106.22"
28/05/2025,TRANSFER | UPI20250528000339654 | CRED | U@0564604,,14683.50,"-13,056.22"
28/05/2025,TRANSFER | UPI20250528000272834 | SUSHMA | U@0550816,15000.00,,"1,627.28"
27/05/2025,TRANSFER | UPI20250527000026018 | ZOMATO | U@0104913,,203.00,"-13,372.72"
26/05/2025,TRANSFER | UPI20250526001377953 | ACT Broadband | U@1749071,,688.21,"-13,169.72"
26/05/2025,TRANSFER | UPI20250526001371397 | KARTHIK H N | U@1643610,1000.00,,"-12,481.51"
25/05/2025,TRANSFER | UPI20250526000857910 | VENUGOPAL K | U@1245004,12.00,,"-13,481.51"
25/05/2025,TRANSFER | UPI20250526000693757 | KUMAR | U@1212112,,8.00,"-13,493.51"
23/05/2025,TRANSFER | UPI20250523000244811 | DHANANJAYA R | U@0349457,,78.00,"-13,485.51"
23/05/2025,TRANSFER | UPI20250523000244076 | KARTHIK H N | U@0546671,,70.00,"-13,407.51"
23/05/2025,TRANSFER | UPI20250523000201475 | MANJULA K Y | U@0538636,,78.00,"-13,337.51"
23/05/2025,TRANSFER | UPI20250523000181873 | YASHODA | U@0436986,,6900.00,"-13,259.51"
23/05/2025,TRANSFER | UPI20250523000180557 | BYLAMMA EDUCATIONAL AND | U@0534653,,15000.00,"-6,359.51"
23/05/2025,TRANSFER | UPI20250523000176868 | MANJULA K Y | U@0133264,,78.00,"8,640.49"
23/05/2025,TRANSFER | UPI20250523000141202 | LEKHRAJ P | U@0428182,22000.00,,"8,718.49"
23/05/2025,TRANSFER | UPI20250523000130841 | Jio | U@0524272,,19.00,"-13,281.51"
22/05/2025,TRANSFER | UPI20250522000399003 | Mr GIRISH G T | U@0477807,,80.00,"-13,262.51"
22/05/2025,TRANSFER | UPI20250522000390593 | Mrs LATHA | U@0273446,,12.00,"-13,182.51"
22/05/2025,TRANSFER | UPI20250522000388565 | RAGHUNATHA H | U@0475641,,60.00,"-13,170.51"
22/05/2025,TRANSFER | UPI20250522000384417 | Vakil | U@0474775,,60.00,"-13,110.51"
22/05/2025,TRANSFER | UPI20250522000350400 | KARTHIK H N | U@0368288,300.00,,"-13,050.51"
21/05/2025,TRANSFER | UPI20250521000298260 | Pradeep Y | U@0457214,,50.00,"-13,350.51"
21/05/2025,TRANSFER | UPI20250521000281796 | SUSHMA | U@0453414,,400.00,"-13,300.51"
21/05/2025,TRANSFER | UPI20250521000097399 | Nagaraju A | U@0217736,,55.00,"-12,900.51"
17/05/2025,TRANSFER | UPI20250517000361435 | Jio | U@0571868,,29.00,"-12,845.51"
17/05/2025,TRANSFER | UPI20250517000287501 | KARTHIK H N | U@0556199,500.00,,"-12,816.51"
17/05/2025,TRANSFER | UPI20250517000214297 | SUDHIR KUMAR | U@0442649,,30.00,"-13,316.51"
17/05/2025,TRANSFER | UPI20250517000203694 | DIVYA S | U@0440743,,140.00,"-13,286.51"
16/05/2025,TRANSFER | UPI20250516000376591 | KARTHIK H N | U@0575516,200.00,,"-13,146.51"
16/05/2025,TRANSFER | UPI20250516000366908 | Gokul Cool Joint | U@0573527,,110.00,"-13,346.51"
16/05/2025,TRANSFER | UPI20250516000320649 | JAYALAKSHMI | U@0262055,,95.00,"-13,236.51"
16/05/2025,TRANSFER | UPI20250516000258944 | NARASIMHA SHENOY K | U@0349691,,50.00,"-13,141.51"
15/05/2025,TRANSFER | UPI20250515000337652 | VINOD KUMAR T | U@0167530,,50.00,"-13,091.51"
15/05/2025,TRANSFER | UPI20250515000308649 | KARTHIK H N | U@0161341,100.00,,"-13,041.51"
14/05/2025,TRANSFER | UPI20250514000031425 | VEENA M W O SHANKAR S | U@0305870,,300.00,"-13,141.51"
13/05/2025,TRANSFER | UPI20250513000123228 | KARTHIK H N | U@0524680,500.00,,"-12,841.51"
12/05/2025,TRANSFER | UPI20250512001489602 | ANTARASTRIYA | U@1766661,,70.00,"-13,341.51"
12/05/2025,TRANSFER | UPI20250512001469958 | VINAYAK DEVADIGA | U@2124653,,135.00,"-13,271.51"
12/05/2025,TRANSFER | UPI20250512001467077 | KARTHIK H N | U@1959183,140.00,,"-13,136.51"
11/05/2025,TRANSFER | UPI20250512000846497 | Jio | U@1436218,,300.80,"-13,276.51"
11/05/2025,TRANSFER | UPI20250512000794181 | KARTHIK H N | U@1425750,250.00,,"-12,975.71"
10/05/2025,TRANSFER | UPI20250512000452436 | Burger King India | U@0490311,,104.96,"-13,225.71"
10/05/2025,TRANSFER | UPI20250512000430128 | KARTHIK H N | U@0384117,187.00,,"-13,120.75"
10/05/2025,TRANSFER | UPI20250512000233930 | Brahmasri Juice And Condiments Sa S | U@0243863,,70.00,"-13,307.75"
09/05/2025,TRANSFER | UPI20250509000091866 | KARTHIK H N | U@0418520,,100.00,"-13,237.75"
09/05/2025,TRANSFER | UPI20250509000090327 | KARTHIK H N | U@0217669,,100.00,"-13,137.75"
08/05/2025,TRANSFER | UPI20250508000225641 | SANKAR RAO | U@0343985,,10.00,"-13,037.75"
07/05/2025,TRANSFER | UPI20250507000455370 | Mrs JAYALAKSHMI | U@0491077,,65.00,"-13,027.75"
07/05/2025,TRANSFER | UPI20250507000451376 | UJJWAL GOWDA | U@0289341,,48.00,"-12,962.75"
07/05/2025,TRANSFER | UPI20250507000445094 | RAGHUNATHA H | U@0489081,,60.00,"-12,914.75"
07/05/2025,TRANSFER | UPI20250507000092739 | Zomato Ltd | U@0516970,,202.65,"-12,854.75"
06/05/2025,TRANSFER | UPI20250506000536679 | Zomato Online Order | U@1004663,,169.45,"-12,652.10"
06/05/2025,TRANSFER | UPI20250506000521811 | KARTHIK H N | U@0605133,630.00,,"-12,482.65"
06/05/2025,TRANSFER | UPI20250506000435747 | PRADEEPA D E | U@0484738,,88.00,"-13,112.65"
06/05/2025,TRANSFER | UPI20250506000221204 | NATARAJ G R | U@0543878,,20.00,"-13,024.65"
05/05/2025,TRANSFER | UPI20250505000858675 | UDUPI GRAND | U@1169389,,60.00,"-13,004.65"
05/05/2025,TRANSFER | UPI20250505000853028 | Mahamad Arshad | U@1213433,,150.00,"-12,944.65"
04/05/2025,TRANSFER | UPI20250505000721168 | Paytm | U@0786888,4.00,,"-12,794.65"
04/05/2025,TRANSFER | UPI20250505000720939 | KARTHIK H N | U@1141832,,10500.00,"-12,798.65"
04/05/2025,TRANSFER | UPI20250505000681559 | ANJANEYA D T | U@1134106,,10.00,"-2,298.65"
04/05/2025,TRANSFER | UPI20250505000679556 | Jayalakshmi | U@1035759,,35.00,"-2,288.65"
04/05/2025,TRANSFER | UPI20250505000676642 | SHASHANK D M | U@1133033,,60.00,"-2,253.65"
04/05/2025,TRANSFER | UPI20250505000617340 | Zomato Ltd | U@1023206,106.98,,"-2,193.65"
04/05/2025,TRANSFER | UPI20250505000578782 | Zomato Ltd | U@1015483,,178.30,"-2,300.63"
04/05/2025,TRANSFER | ECS-BD-IndusindBankLoan | TIAJ11786422 | Z@ED37525,,11377.00,"-2,122.33"
04/05/2025,TRANSFER | UPI20250505000136695 | Zomato Ltd | U@0126263,,205.18,"9,254.67"
03/05/2025,TRANSFER | UPI20250503001227182 | SHASHIKUMAR V | U@1292272,,60.00,"9,459.85"
03/05/2025,TRANSFER | UPI20250503000874922 | JAY PRKASH | U@1073528,,25.00,"9,519.85"
02/05/2025,TRANSFER | UPI20250502000456658 | Zomato Ltd | U@0489304,,169.45,"9,544.85"
01/05/2025,TRANSFER | UPI20250501000460390 | KARTHIK H N | U@0591841,12000.00,,"9,714.30"
29/04/2025,TRANSFER | UPI20250429000575378 | KARTHIK H N | U@1011271,10300.00,,"-2,285.70"
27/04/2025,ATM | 27APR25 NFS 17:36:05 | MADANAIYAKAN BANGALORE M | 511717004247 004247 | A96134539,,500.00,"-12,585.70"
27/04/2025,ATM | 27APR25 NFS 17:35:07 | MADANAIYAKAN BANGALORE M | 511717004246 004246 | A96134537,,200.00,"-12,085.70"
27/04/2025,TRANSFER | UPI20250428000594797 | KARTHIK H N | U@0816501,,200.00,"-11,885.70"
26/04/2025,TRANSFER | UPI20250428000504522 | BIBIFATIMA BAGAWANA | U@0298683,,179.00,"-11,685.70"
26/04/2025,TRANSFER | UPI20250428000428419 | KARTHIK H N | U@0184699,250.00,,"-11,506.70"
26/04/2025,TRANSFER | UPI20250428000427507 | AVYAY ENTERPRISES | U@0483611,,91.00,"-11,756.70"
26/04/2025,TRANSFER | UPI20250428000426777 | AVYAY ENTERPRISES | U@0184282,,396.00,"-11,665.70"
26/04/2025,TRANSFER | UPI20250428000353209 | KK Brigade Orion Mall Lakeside | U@0368635,,164.00,"-11,269.70"
26/04/2025,TRANSFER | UPI20250428000318704 | WTC TRADES AND PROJECTS PL CAM | U@0261604,,500.00,"-11,105.70"
26/04/2025,TRANSFER | UPI20250428000301706 | Swirl Soft Corner | U@0258170,,100.00,"-10,605.70"
26/04/2025,TRANSFER | UPI20250428000300868 | CHIRAG B | U@0559310,,170.00,"-10,505.70"
26/04/2025,TRANSFER REVERSAL | UPI20250428000300505 | HSBC0560002/null | U@0358265,,170.00,"-10,335.70"
26/04/2025,TRANSFER | UPI20250428000300486 | REDSTAGE STUDIOS PRIVATE LIMITED | U@0159249,,170.00,"-10,165.70"
26/04/2025,TRANSFER | UPI20250428000290213 | MD ZAKARIA | U@0356056,,100.00,"-9,995.70"
26/04/2025,TRANSFER | UPI20250428000239837 | SJB Orion Gateway BLR | U@0546760,,104.00,"-9,895.70"
26/04/2025,TRANSFER | UPI20250428000189507 | BHAGYALKSHMI | U@0236037,,189.00,"-9,791.70"
26/04/2025,TRANSFER | UPI20250428000184935 | KARTHIK H N | U@0535935,,300.00,"-9,602.70"
26/04/2025,TRANSFER | UPI20250428000069862 | CRED | U@0113626,,4172.08,"-9,302.70"
26/04/2025,TRANSFER | UPI20250428000069267 | ZOMATO | U@0413793,,211.09,"-5,130.62"
26/04/2025,TRANSFER | UPI20250428000028309 | SOUNDARYABAI R | U@0505719,,50.00,"-4,919.53"
25/04/2025,TRANSFER | UPI20250425000426662 | SHASHANK D M | U@0383294,,100.00,"-4,869.53"
25/04/2025,TRANSFER | UPI20250425000425744 | NABIRASUL | U@0183426,,20.00,"-4,769.53"
25/04/2025,TRANSFER | UPI20250425000412701 | RAKESH KUMAR | U@0280147,,110.00,"-4,749.53"
25/04/2025,TRANSFER | UPI20250425000409989 | MIAMI SUPERMARKET | U@0582074,,70.00,"-4,639.53"
25/04/2025,TRANSFER | UPI20250425000397549 | Shaneshwra Store | U@0477222,,65.00,"-4,569.53"
25/04/2025,TRANSFER | UPI20250425000301857 | Swiggy | U@0358505,,308.00,"-4,504.53"
25/04/2025,TRANSFER | UPI20250425000048415 | VARSHITHA N | U@0308866,8588.00,,"-4,196.53"
13/04/2025,TRANSFER | UPI20250414001017467 | Swiggy | U@1201136,,100.00,"-12,784.53"
13/04/2025,TRANSFER | UPI20250414000811528 | KARTHIK H N | U@0660651,80.00,,"-12,684.53"
11/04/2025,TRANSFER | UPI20250411000540831 | THIPPERANGA S 8750 | U@0806592,,47.00,"-12,764.53"
11/04/2025,TRANSFER | UPI20250411000422819 | NABIRASUL | U@0382309,,60.00,"-12,717.53"
11/04/2025,TRANSFER | UPI20250411000421077 | Mrs JAYALAKSHMI | U@0182447,,20.00,"-12,657.53"
11/04/2025,TRANSFER | UPI20250411000091619 | KARTHIK H N | U@0316706,100.00,,"-12,637.53"
09/04/2025,TRANSFER | UPI20250409000084265 | NABIRASUL | U@0517137,,56.00,"-12,737.53"
09/04/2025,TRANSFER | UPI20250409000083514 | Jayalakshmi | U@0516940,,10.00,"-12,681.53"
09/04/2025,TRANSFER | UPI20250409000074111 | KARTHIK H N | U@0514928,100.00,,"-12,671.53"
08/04/2025,TRANSFER | UPI20250408000143428 | ZOMATO LIMITED | U@0227605,,169.45,"-12,771.53"
08/04/2025,TRANSFER | UPI20250408000142266 | KARTHIK H N | U@0227314,50.00,,"-12,602.08"
06/04/2025,TRANSFER | UPI20250407000427535 | RAJU G | U@0584612,,33.00,"-12,652.08"
06/04/2025,TRANSFER | UPI20250407000425489 | UJJWAL GOWDA | U@0482736,,54.00,"-12,619.08"
06/04/2025,TRANSFER | UPI20250407000150887 | ZOMATO | U@0529589,,190.00,"-12,565.08"
05/04/2025,TRANSFER | UPI20250405000182428 | PRASANNA KUMAR N | U@0135038,,84.00,"-12,375.08"
05/04/2025,TRANSFER | UPI20250405000181120 | VEERA KYATAPPA | U@0134688,,60.00,"-12,291.08"
05/04/2025,TRANSFER | UPI20250405000157473 | NEW AGARWAL BHAVAN DASANPURA | U@0129948,,25.00,"-12,231.08"
05/04/2025,TRANSFER | UPI20250405000157088 | NEW AGARWAL BHAVAN DASANPURA | U@0531484,,165.00,"-12,206.08"
04/04/2025,TRANSFER | UPI20250404000379324 | KIRAN B J | U@1421736,,80.00,"-12,041.08"
04/04/2025,TRANSFER | UPI20250404000278899 | KARTHIK H N | U@1400792,,2000.00,"-11,961.08"
04/04/2025,TRANSFER | ECS-BD-IndusindBankLoan | TIAJ11595676 | Z@ED40560,,11377.00,"-9,961.08"
03/04/2025,TRANSFER | UPI20250403000799145 | VENKATALAKSHMI V N | U@0758696,,86.00,"1,415.92"
03/04/2025,TRANSFER | UPI20250403000620551 | KARTHIK H N | U@0824657,3000.00,,"1,501.92"
02/04/2025,TRANSFER | UPI20250402000216218 | KARTHIK H N | U@0142824,480.00,,"-1,498.08"
01/04/2025,INTEREST | CREDIT INTEREST | FROM JAN25 TO MAR25 | ZDD400120,131.29,,"-1,978.08"
01/04/2025,TRANSFER | UPI20250401000386659 | KARTHIK H N | U@0577127,,50.00,"-2,109.37"
01/04/2025,TRANSFER | UPI20250401000337990 | MC DONALDS | U@0268637,,215.00,"-2,059.37"
01/04/2025,TRANSFER | UPI20250401000287936 | MC DONALDS | U@0356925,,302.45,"-1,844.37"
01/04/2025,TRANSFER | UPI20250401000114834 | KARTHIK H N | U@0122544,,480.00,"-1,541.92"
30/03/2025,TRANSFER | UPI20250331000003166 | KARTHIK H N | U@0500599,51.00,,"-1,061.92"
29/03/2025,TRANSFER | UPI20250329000264007 | BHASKER R | U@0553549,,134.00,"-1,112.92"
28/03/2025,TRANSFER | UPI20250328000345591 | KARTHIK H N | U@0367233,11380.00,,-978.92
28/03/2025,TRANSFER | UPI20250328000258039 | Blinkit | U@0251292,,212.00,"-12,358.92"
27/03/2025,TRANSFER | UPI20250327000297751 | DAYANANDA | U@0556246,,70.00,"-12,146.92"
27/03/2025,TRANSFER | UPI20250327000185358 | Kalmane Koffee Mantri Mall | U@0137736,,265.00,"-12,076.92"
27/03/2025,TRANSFER | UPI20250327000101522 | HANUMANTHARAYAPPA | U@0519678,,40.00,"-11,811.92"
26/03/2025,TRANSFER | UPI20250326000078156 | CH VINAY KUMARA | U@0414632,,300.00,"-11,771.92"
26/03/2025,TRANSFER | UPI20250326000054981 | CRED | U@0410324,,4176.23,"-11,471.92"
26/03/2025,TRANSFER | UPI20250326000023161 | Bangalore Metro Rail Corporation Lt | U@0304550,,200.00,"-7,295.69"
25/03/2025,TRANSFER | UPI20250325000525483 | KARTHIK H N | U@0703938,,1300.00,"-7,095.69"
25/03/2025,TRANSFER | UPI20250325000325492 | KARTHIK H N | U@0164557,,2700.00,"-5,795.69"
24/03/2025,TRANSFER | UPI20250324001341310 | Gokul Cool Joint | U@1165149,,60.00,"-3,095.69"
24/03/2025,TRANSFER | UPI20250324001278994 | Vinayak Devadiga | U@1152933,,175.00,"-3,035.69"
24/03/2025,TRANSFER | UPI20250324001218230 | McDonalds Hardcastle Restaurants | U@1140986,,39.00,"-2,860.69"
23/03/2025,TRANSFER | UPI20250324000932206 | MANGAL SINGH | U@1079260,,60.00,"-2,821.69"
23/03/2025,TRANSFER | UPI20250324000931321 | Mr MANJUNATHA G | U@0782768,,65.00,"-2,761.69"
23/03/2025,TRANSFER | UPI20250324000677630 | ZOMATO | U@0732927,,190.45,"-2,696.69"
18/03/2025,TRANSFER | UPI20250318000207555 | Seetaramu | U@0539367,,60.00,"-2,506.24"
18/03/2025,TRANSFER | UPI20250318000206420 | UJJWAL GOWDA | U@0439363,,167.00,"-2,446.24"
18/03/2025,TRANSFER | UPI20250318000205066 | Mr MANJUNATHA G | U@0240978,,30.00,"-2,279.24"
18/03/2025,TRANSFER | UPI20250318000204263 | ANJANEYA D T | U@0439032,,45.00,"-2,249.24"
17/03/2025,TRANSFER | UPI20250317000858295 | Blinkit | U@1161092,,462.00,"-2,204.24"
17/03/2025,TRANSFER | UPI20250317000751437 | ZOMATO | U@0847453,,189.20,"-1,742.24"
17/03/2025,TRANSFER | UPI20250317000570752 | ZOMATO | U@1103529,,206.68,"-1,553.04"
16/03/2025,TRANSFER | UPI20250317000363694 | MANGAL SINGH | U@0662960,,40.00,"-1,346.36"
16/03/2025,TRANSFER | UPI20250317000354493 | Mr GIRISH G T | U@0270476,,10.00,"-1,306.36"
16/03/2025,TRANSFER | UPI20250317000346051 | Mr NARASIMHAMURTHY | U@0268744,,25.00,"-1,296.36"
16/03/2025,TRANSFER | UPI20250317000225988 | Blue Dart Express Ltd | U@0543967,,1199.00,"-1,271.36"
16/03/2025,TRANSFER | UPI20250317000199031 | VARSHITHA N | U@0338385,4000.00,,-72.36
16/03/2025,TRANSFER | UPI20250317000198139 | ZOMATO | U@0538256,,281.18,"-4,072.36"
16/03/2025,TRANSFER | UPI20250317000152274 | KARTHIK H N | U@0231117,,4000.00,"-3,791.18"
16/03/2025,TRANSFER | UPI20250317000138617 | PANDURANGA RAO PADAT | U@0526406,,130.00,208.82
16/03/2025,TRANSFER | UPI20250317000120844 | Meesho | U@0322993,,137.00,338.82
15/03/2025,TRANSFER | UPI20250315000192561 | ALLA BAKASH | U@0136041,,157.00,475.82
14/03/2025,TRANSFER | UPI20250314000358894 | UJJWAL GOWDA | U@0470906,,27.00,632.82
14/03/2025,TRANSFER | UPI20250314000357123 | SHANESHWRA STORE | U@0470632,,50.00,659.82
14/03/2025,TRANSFER | UPI20250314000048497 | ZOMATO | U@0509530,,211.30,709.82
13/03/2025,TRANSFER | UPI20250313000458813 | NABIRASUL | U@0388954,,10.00,921.12
13/03/2025,TRANSFER | UPI20250313000455757 | MANJUNATH C P | U@0591049,,100.00,931.12
13/03/2025,TRANSFER | UPI20250313000445794 | ZOMATO | U@0486120,,186.45,"1,031.12"
13/03/2025,TRANSFER | UPI20250313000272758 | MIAMI SUPERMARKET | U@0154080,,85.00,"1,217.57"
13/03/2025,TRANSFER | UPI20250313000271696 | MIAMI SUPERMARKET | U@0253178,,174.00,"1,302.57"
12/03/2025,TRANSFER | UPI20250312000061277 | VANI H V | U@0312386,,500.00,"1,476.57"
11/03/2025,TRANSFER | UPI20250311000277323 | Zomato Online Order | U@0154350,,286.45,"1,976.57"
11/03/2025,TRANSFER | UPI20250311000258983 | ACT Broadband | U@0250388,,883.82,"2,263.02"
10/03/2025,TRANSFER | UPI20250310001637008 | LEKHRAJ P | U@1722269,,5000.00,"3,146.84"
10/03/2025,TRANSFER | UPI20250310001540434 | APOLLO PHARMACIES | U@1607354,,1109.75,"8,146.84"
10/03/2025,TRANSFER | UPI20250310001391807 | V M HARISH POMMAR | U@1273950,,100.00,"9,256.59"
09/03/2025,TRANSFER | UPI20250310000933609 | ZOMATO | U@0985701,,198.70,"9,356.59"
09/03/2025,TRANSFER | UPI20250310000844428 | SHASHI KUMAR | U@0967416,,164.00,"9,555.29"
08/03/2025,TRANSFER | UPI20250310000413285 | ARUN KUMAR S V | U@0578824,,181.00,"9,719.29"
08/03/2025,TRANSFER | UPI20250310000108495 | Zomato Ltd | U@0321648,,654.90,"9,900.29"
07/03/2025,TRANSFER | UPI20250307000242987 | Zomato Ltd | U@0246708,,266.95,"10,555.19"
07/03/2025,TRANSFER | UPI20250307000143386 | ZOMATO | U@0227593,,177.44,"10,822.14"
07/03/2025,TRANSFER | UPI20250307000045778 | ANUROOPA T P | U@0508659,,30.00,"10,999.58"
06/03/2025,TRANSFER | UPI20250306000204302 | Zomato Ltd | U@0539996,,554.60,"11,029.58"
05/03/2025,TRANSFER | UPI20250305000426305 | MANJUNATH C P | U@0184951,,75.00,"11,584.18"
05/03/2025,TRANSFER | UPI20250305000420894 | NH | U@0382997,1500.00,,"11,659.18"
05/03/2025,TRANSFER | UPI20250305000178706 | RANGANATHA B S | U@0335103,,30.00,"10,159.18"
04/03/2025,TRANSFER | ECS-BD-IndusindBankLoan | TIAJ11517717 | Z@ED40231,,11377.00,"10,189.18"
04/03/2025,TRANSFER | UPI20250304000026846 | UJJWAL GOWDA | U@0505890,,27.00,"21,566.18"
03/03/2025,TRANSFER | UPI20250303001876628 | ASHA K J | U@2611919,,100.00,"21,593.18"
03/03/2025,TRANSFER | UPI20250303001849226 | MIAMI SUPERMARKET | U@2330756,,174.00,"21,693.18"
03/03/2025,TRANSFER | UPI20250303001838804 | Mr GIRISH G T | U@2514499,,150.00,"21,867.18"
03/03/2025,TRANSFER | UPI20250303001701312 | V M HARISH POMMAR | U@2037572,,100.00,"22,017.18"
03/03/2025,TRANSFER | UPI20250303001684169 | RAJAMURTHY RANGAPA | U@2130859,,100.00,"22,117.18"
03/03/2025,TRANSFER | UPI20250303001681926 | SANTHOSH O P | U@1777272,,60.00,"22,217.18"
02/03/2025,TRANSFER | UPI20250303000328463 | Amazon Pay India Pvt Ltd | U@0905830,499.00,,"22,277.18"
01/03/2025,TRANSFER | UPI20250301000605724 | Jothitalk | U@1683046,,59.00,"21,778.18"
01/03/2025,TRANSFER | UPI20250301000578384 | Jothitalk | U@1978826,,59.00,"21,837.18"
01/03/2025,TRANSFER | UPI20250301000459100 | SHASHIKUMAR V | U@2051804,,40.00,"21,896.18"
01/03/2025,TRANSFER | UPI20250301000321388 | SUDHA BAI K T | U@1827573,,130.00,"21,936.18"
01/03/2025,TRANSFER | UPI20250301000298231 | H RANJITHA | U@2020633,,260.00,"22,066.18"
28/02/2025,TRANSFER | UPI20250228000486961 | MANGAL SINGH | U@0496512,,60.00,"22,326.18"
28/02/2025,TRANSFER | UPI20250228000402156 | Mr GANGADHAR M | U@0377645,,60.00,"22,386.18"
28/02/2025,TRANSFER | UPI20250228000384158 | UMESH S | U@0635643,,65.00,"22,446.18"
28/02/2025,TRANSFER | UPI20250228000383706 | UMESH S | U@0274620,,10.00,"22,511.18"
28/02/2025,TRANSFER | UPI20250228000347205 | KRISHNAKS SO SANNAKKAYA | U@0468968,,350.00,"22,521.18"
27/02/2025,TRANSFER | UPI20250227000462998 | KARTHIK H N | U@0293278,11380.00,,"22,871.18"
27/02/2025,TRANSFER | UPI20250227000198729 | Delhivery Limited | U@0240507,,1432.00,"11,491.18"
27/02/2025,TRANSFER | UPI20250227000131642 | Zomato Ltd | U@0226448,,200.10,"12,923.18"
26/02/2025,TRANSFER | UPI20250226000382213 | KARTHIK H N | U@0476012,,100.00,"13,123.28"
26/02/2025,TRANSFER | UPI20250226000258583 | Mr GIRISH G T | U@0451290,,35.00,"13,223.28"
26/02/2025,TRANSFER | UPI20250226000211308 | UMESH S | U@0341753,,75.00,"13,258.28"
26/02/2025,TRANSFER | UPI20250226000202687 | Ananda G | U@0538153,,1000.00,"13,333.28"
26/02/2025,TRANSFER | UPI20250226000135213 | SAVITHA B R | U@0525368,,60.00,"14,333.28"
26/02/2025,TRANSFER | UPI20250226000122780 | CRED | U@0323536,,4190.26,"14,393.28"
25/02/2025,TRANSFER | UPI20250225000257358 | ZOMATO LIMITED | U@0251021,,382.45,"18,583.54"
24/02/2025,TRANSFER | UPI20250224001360225 | MAYUR TEXTILE SHOWROOM | U@1649198,,300.00,"18,965.99"
24/02/2025,TRANSFER | UPI20250224001356945 | UJJWAL GOWDA | U@1463111,,24.00,"19,265.99"
24/02/2025,TRANSFER | UPI20250224001352320 | Mr GIRISH G T | U@1462323,,120.00,"19,289.99"
24/02/2025,TRANSFER | UPI20250224001241726 | KARTHIK H N | U@1440324,,500.00,"19,409.99"
24/02/2025,TRANSFER | UPI20250224001127593 | Amazon Pay | U@1222213,,1498.00,"19,909.99"
23/02/2025,TRANSFER | UPI20250224000695371 | Jai Maruthi Chicken Center | U@1032674,,280.00,"21,407.99"
22/02/2025,TRANSFER | UPI20250224000355745 | Mr MANJUNATHA G | U@0170278,,63.00,"21,687.99"
22/02/2025,TRANSFER | UPI20250224000353807 | UJJWAL GOWDA | U@0570823,,27.00,"21,750.99"
22/02/2025,TRANSFER | UPI20250224000348605 | RAGHUNATHA H | U@0466253,,90.00,"21,777.99"
22/02/2025,TRANSFER | UPI20250224000345096 | LAKSHMAMMA | U@0569099,,35.00,"21,867.99"
22/02/2025,TRANSFER | UPI20250224000342712 | MANJULA | U@0568618,,140.00,"21,902.99"
22/02/2025,TRANSFER | UPI20250224000189914 | ZOMATO | U@0436203,,261.70,"22,042.99"
21/02/2025,TRANSFER | UPI20250221000479335 | KARTHIK H N | U@0596312,,1000.00,"22,304.69"
21/02/2025,TRANSFER | UPI20250221000218285 | KRISHNA PAN SHOP | U@0443432,,10.00,"23,304.69"
21/02/2025,TRANSFER | UPI20250221000216049 | H N PRAKASH | U@0542639,,25.00,"23,314.69"
21/02/2025,TRANSFER | UPI20250221000089623 | CHANDANA V | U@0116028,,1000.00,"23,339.69"
21/02/2025,TRANSFER | UPI20250221000061201 | S L N COFFEE PRIVATE LIMITED | U@0512186,,40.00,"24,339.69"
21/02/2025,TRANSFER | UPI20250221000038762 | S D GANESH | U@0106774,,50.00,"24,379.69"
21/02/2025,CASH W/D | 21FEB25 ELECTRO 04:57:31 | IN023448INR 482.00 | Clean Slate Cafe | A89500001,,482.00,"24,429.69"
20/02/2025,TRANSFER | UPI20250220000386419 | SIDDALINGA PRASAD | U@0377101,,235.00,"24,911.69"
20/02/2025,TRANSFER | UPI20250220000296171 | AMALA M C | U@0560425,,65.00,"25,146.69"
20/02/2025,TRANSFER | UPI20250220000292304 | ANIL K | U@0357742,,106.00,"25,211.69"
20/02/2025,TRANSFER | UPI20250220000202333 | SHRADDHAA M | U@0237791,,450.00,"25,317.69"
20/02/2025,TRANSFER | UPI20250220000153339 | HOTEL MAJESTIC | U@0228528,,140.00,"25,767.69"
20/02/2025,TRANSFER | UPI20250220000145834 | K N KRISHNAMURTHY | U@0429079,,1000.00,"25,907.69"
20/02/2025,TRANSFER | UPI20250220000140280 | MASULDAR MAHMMADSIDDIQ ISAK | U@0427860,,1300.00,"26,907.69"
20/02/2025,TRANSFER | UPI20250220000134093 | Fair Deal | U@0326485,,750.00,"28,207.69"
20/02/2025,TRANSFER | UPI20250220000022717 | UJJWAL GOWDA | U@0204211,,27.00,"28,957.69"
20/02/2025,TRANSFER | UPI20250220000022514 | Mr MANJUNATHA G | U@0404693,,20.00,"28,984.69"
19/02/2025,TRANSFER | UPI20250219000212738 | KARTHIK H N | U@0443506,,600.00,"29,004.69"
19/02/2025,TRANSFER | UPI20250219000125302 | SATHISH P | U@0525048,,50.00,"29,604.69"
19/02/2025,TRANSFER | UPI20250219000119059 | SINDHU C | U@0424401,,500.00,"29,654.69"
19/02/2025,TRANSFER | UPI20250219000079292 | SATISHA K | U@0316226,,170.00,"30,154.69"
19/02/2025,TRANSFER | UPI20250219000022038 | Mr MANJUNATHA G | U@0404843,,50.00,"30,324.69"
19/02/2025,TRANSFER | UPI20250219000021640 | UJJWAL GOWDA | U@0203646,,27.00,"30,374.69"
18/02/2025,TRANSFER | UPI20250218000289632 | AMALA M C | U@0357670,,100.00,"30,401.69"
18/02/2025,TRANSFER | UPI20250218000281921 | M MAHADEVASWAMY | U@0356073,,40.00,"30,501.69"
17/02/2025,TRANSFER | UPI20250217000915075 | ZOMATO | U@1075329,,200.80,"30,541.69"
17/02/2025,TRANSFER | UPI20250217000865345 | Mrs JAYALAKSHMI | U@0969262,,20.00,"30,742.49"
17/02/2025,TRANSFER | UPI20250217000653796 | ZOMATO LIMITED | U@0731559,,150.84,"30,762.49"
16/02/2025,TRANSFER | UPI20250217000437738 | ZOMATO | U@0585184,,227.05,"30,913.33"
16/02/2025,TRANSFER | UPI20250217000234209 | ZOMATO | U@0147842,,177.70,"31,140.38"
16/02/2025,TRANSFER | UPI20250217000026769 | ZOMATO LIMITED | U@0204778,,184.00,"31,318.08"
15/02/2025,TRANSFER | UPI20250215000306157 | ZOMATO LIMITED | U@0559934,,262.75,"31,502.08"
15/02/2025,TRANSFER | UPI20250215000268163 | REJINA BALAN P P | U@0352633,,170.00,"31,764.83"
15/02/2025,TRANSFER | UPI20250215000265919 | RAGHUNATHA H | U@0451964,,60.00,"31,934.83"
15/02/2025,TRANSFER | UPI20250215000207894 | SANTHOSH O P | U@0440685,,40.00,"31,994.83"
15/02/2025,TRANSFER | UPI20250215000133064 | SANTHOSH O P | U@0125434,,80.00,"32,034.83"
14/02/2025,TRANSFER | UPI20250214000384166 | NAGARAJAPPA S C | U@0473190,,107.00,"32,114.83"
14/02/2025,TRANSFER | UPI20250214000357814 | MANIKANTA T R | U@0169625,,20.00,"32,221.83"
14/02/2025,TRANSFER | UPI20250214000294983 | MADHU J V | U@0258674,,10.00,"32,241.83"
14/02/2025,TRANSFER | UPI20250214000279252 | MOHAN KUMAR G | U@0356243,,20.00,"32,251.83"
14/02/2025,TRANSFER | UPI20250214000185015 | KARTHIK H N | U@0536638,,2500.00,"32,271.83"
13/02/2025,TRANSFER | UPI20250213000026432 | snaveenkumars4-2@okaxis | U@0204612,,1000.00,"34,771.83"
11/02/2025,TRANSFER | UPI20250211000460232 | LEKHRAJ P | U@0288265,,5000.00,"35,771.83"
11/02/2025,TRANSFER | UPI20250211000403991 | NABIRASUL | U@0378893,,66.00,"40,771.83"
11/02/2025,TRANSFER | UPI20250211000401485 | MANGAL SINGH | U@0577894,,60.00,"40,837.83"
10/02/2025,TRANSFER | UPI20250210001443032 | Meesho | U@1961906,,252.00,"40,897.83"
09/02/2025,TRANSFER | UPI20250210000657700 | Mrs JAYALAKSHMI | U@1306599,,10.00,"41,149.83"
09/02/2025,TRANSFER | UPI20250210000636106 | CRED | U@1503853,,883.82,"41,159.83"
09/02/2025,TRANSFER | UPI20250210000606806 | Jio | U@0820436,,902.00,"42,043.65"
09/02/2025,TRANSFER | UPI20250210000606248 | KARTHIK H N | U@1019155,,200.00,"42,945.65"
07/02/2025,TRANSFER | UPI20250207000543459 | Meesho | U@0708291,,95.00,"43,145.65"
07/02/2025,TRANSFER | UPI20250207000290571 | YETISH T N | U@0455075,,300.00,"43,240.65"
06/02/2025,TRANSFER | UPI20250206000212461 | AstroSage | U@0143449,,59.00,"43,540.65"
05/02/2025,TRANSFER | UPI20250205000433206 | Mr MANJUNATHA G | U@0385565,,35.00,"43,599.65"
05/02/2025,TRANSFER | UPI20250205000431334 | MANJUNATH C P | U@0484511,,125.00,"43,634.65"
05/02/2025,TRANSFER | UPI20250205000388328 | AstroSage | U@0645612,,118.00,"43,759.65"
05/02/2025,TRANSFER | UPI20250205000301144 | KULDEEP | U@0359142,,20.00,"43,877.65"
05/02/2025,TRANSFER | UPI20250205000300135 | VINAYA KUMAR B S | U@0358924,,460.00,"43,897.65"
05/02/2025,TRANSFER | UPI20250205000287193 | ANITHA J | U@0456231,,40.00,"44,357.65"
05/02/2025,TRANSFER | UPI20250205000184941 | SUDHA BAI K T | U@0135411,,145.00,"44,397.65"
05/02/2025,TRANSFER | UPI20250205000144694 | BMTC BUS KA57F6479 | U@0328509,,28.00,"44,542.65"
04/02/2025,TRANSFER | ECS-BD-IndusindBankLoan | TIAJ11372114 | Z@ED45169,,11377.00,"44,570.65"
03/02/2025,TRANSFER | UPI20250203001722454 | V M HARISH POMMAR | U@1940518,,100.00,"55,947.65"
02/02/2025,TRANSFER | UPI20250203000082125 | ZOMATO | U@0317005,,223.90,"56,047.65"
01/02/2025,TRANSFER | UPI20250201000176783 | SHAFIULLA A | U@0435042,,115.00,"56,271.55"
29/01/2025,TRANSFER | UPI20250129000270939 | Ankithagowda S | U@0629349,,80.00,"56,386.55"
29/01/2025,TRANSFER | UPI20250129000109497 | UPI Credit for reference | U@0120994,,434.00,"56,466.55"
28/01/2025,TRANSFER | UPI20250128000313581 | KIRANA B J | U@0643313,,95.00,"56,900.55"
28/01/2025,TRANSFER | UPI20250128000187515 | Biggies Burger AECS Layout | U@0618100,,537.00,"56,995.55"
28/01/2025,TRANSFER | UPI20250128000155052 | Biggies Burger AECS Layout | U@0430917,,281.00,"57,532.55"
28/01/2025,TRANSFER | UPI20250128000151265 | SHASHIDHARA G R | U@0610683,,66.00,"57,813.55"
28/01/2025,TRANSFER | UPI20250128000104151 | SHANKARANANDA O | U@0218492,,60.00,"57,879.55"
27/01/2025,TRANSFER | UPI20250127001405515 | RAGHUNATHA H | U@1177466,,60.00,"57,939.55"
27/01/2025,TRANSFER | UPI20250127001403602 | Mr GIRISH G T | U@1277101,,70.00,"57,999.55"
27/01/2025,TRANSFER | UPI20250127001390127 | MANGAL SINGH | U@1274437,,20.00,"58,069.55"
26/01/2025,TRANSFER | UPI20250127000676832 | ZOMATO | U@0635001,,233.75,"58,089.55"
26/01/2025,TRANSFER | UPI20250127000671397 | Razorpay | U@0731614,196.60,,"58,323.30"
26/01/2025,TRANSFER | UPI20250127000666857 | Zomato Online Order | U@0633092,,196.60,"58,126.70"
26/01/2025,TRANSFER | UPI20250127000597163 | CRED | U@0916318,,4199.17,"58,323.30"
25/01/2025,TRANSFER | UPI20250127000354097 | KARTHIK H N | U@0169048,,500.00,"62,522.47"
25/01/2025,TRANSFER | UPI20250127000210087 | PAAKASHALA MALLESHWARAM Fine Dine | U@0440893,,304.00,"63,022.47"
25/01/2025,TRANSFER | UPI20250127000185785 | MALLESWARAM DOSE CORNER | U@0335313,,160.00,"63,326.47"
25/01/2025,TRANSFER | UPI20250127000175527 | KARTHIK H N | U@0534908,50000.00,,"63,486.47"
25/01/2025,TRANSFER | UPI20250127000135853 | P V SWEETS | U@0125441,,130.00,"13,486.47"
25/01/2025,TRANSFER | UPI20250127000131510 | P V SWEETS | U@0525958,,65.00,"13,616.47"
25/01/2025,TRANSFER | UPI20250127000129707 | RAVI KUMAR M | U@0324517,,110.00,"13,681.47"
25/01/2025,ATM | KA SGST @ 9.00000000 | GS2502780000059203 | A99900539,,85.10,"13,791.47"
25/01/2025,ATM | KA CGST @ 9.00000000 | GS2502780000059202 | A99900539,,85.10,"13,876.57"
25/01/2025,ATM | 25JAN25 ELECTRO 04:24:58 | GB013918GBP 252.00 | DC Overseas Overseas Trx | ASSOCIATION OF CHARTERED | A89500001,,27016.45,"13,961.67"
25/01/2025,ATM | DC Overses MarkupFee | A99900539,,945.58,"40,978.12"
24/01/2025,TRANSFER | UPI20250124000430317 | Manjunath A | U@0584806,,307.00,"41,923.70"
24/01/2025,TRANSFER | UPI20250124000259615 | ASHOK KUMAR K H | U@0250526,,200.00,"42,230.70"
24/01/2025,TRANSFER | UPI20250124000257717 | MAHAMMAD SINANUDDEEN | U@0450603,,70.00,"42,430.70"
24/01/2025,TRANSFER | UPI20250124000256696 | Mr Rahul Kumar Saw | U@0350764,,100.00,"42,500.70"
24/01/2025,TRANSFER | UPI20250124000230738 | VINAYAK DEVADIGA | U@0545056,,160.00,"42,600.70"
24/01/2025,TRANSFER | UPI20250124000208215 | AISHWARYA N | U@0239634,,60.00,"42,760.70"
23/01/2025,TRANSFER | UPI20250123000438268 | YASHASWINI H | U@0386582,6016.00,,"42,820.70"
23/01/2025,TRANSFER | UPI20250123000431566 | YASHASWINI H | U@0187054,21000.00,,"36,804.70"
23/01/2025,TRANSFER | UPI20250123000295416 | YALLALINGA | U@0456528,,58.00,"15,804.70"
23/01/2025,TRANSFER | UPI20250123000225679 | Biggies Burger AECS Layout | U@0443081,,135.00,"15,862.70"
23/01/2025,TRANSFER | UPI20250123000218961 | Biggies Burger AECS Layout | U@0243754,,363.00,"15,997.70"
23/01/2025,TRANSFER | UPI20250123000217532 | SAMU R | U@0144796,,50.00,"16,360.70"
23/01/2025,TRANSFER | UPI20250123000182197 | AADVITHAS SPICE KITCHEN | U@0434337,,198.00,"16,410.70"
23/01/2025,TRANSFER | UPI20250123000123905 | VINOD | U@0522551,,80.00,"16,608.70"
21/01/2025,TRANSFER | UPI20250121000285348 | SWATHI DELICACY VEG | U@0456098,,750.00,"16,688.70"
21/01/2025,TRANSFER | UPI20250121000101690 | YETISH T N | U@0119901,,150.00,"17,438.70"
18/01/2025,TRANSFER | UPI20250118000368674 | Dinesh Reddy P | U@0372814,,50.00,"17,588.70"
18/01/2025,TRANSFER | UPI20250118000311251 | COFFEE DAY GLOBAL LIMITED | U@0561725,,560.00,"17,638.70"
18/01/2025,TRANSFER | UPI20250118000296369 | LIFE CARE MEDICALS 2 | U@0456730,,44.00,"18,198.70"
18/01/2025,TRANSFER | UPI20250118000292605 | Sri Balaji Juice and Chats | U@0258077,,60.00,"18,242.70"
18/01/2025,TRANSFER | UPI20250118000264536 | VANI H V | U@0151326,,500.00,"18,302.70"
18/01/2025,TRANSFER | UPI20250118000263243 | MANJAMMA | U@0450196,,500.00,"18,802.70"
18/01/2025,TRANSFER | UPI20250118000210713 | SRI SIDDIVINAYAKA VENTURES | U@0340735,,65.00,"19,302.70"
18/01/2025,TRANSFER | UPI20250118000091428 | SUBRAMANYA CHARI | U@0519062,,348.00,"19,367.70"
18/01/2025,TRANSFER | UPI20250118000049895 | LATHA | U@0308639,,15.00,"19,715.70"
17/01/2025,TRANSFER | UPI20250117000429746 | KARTHIK H N | U@0183762,,60.00,"19,730.70"
17/01/2025,TRANSFER | UPI20250117000273350 | KARTHIK H N | U@0453820,,50.00,"19,790.70"
17/01/2025,TRANSFER | UPI20250117000270596 | SHASHIKUMAR V | U@0351713,,50.00,"19,840.70"
17/01/2025,TRANSFER | UPI20250117000234369 | WOKNSTOVE FOODWORKS PRIVATE LIMITED | U@0246312,,40.00,"19,890.70"
17/01/2025,TRANSFER | UPI20250117000221466 | Aarthi Narayan Kamat | U@0244140,,565.00,"19,930.70"
16/01/2025,TRANSFER | UPI20250116000312517 | MANJUNATH C P | U@0359696,,330.00,"20,495.70"
16/01/2025,TRANSFER | UPI20250116000311304 | UJJWAL GOWDA | U@0561209,,27.00,"20,825.70"
16/01/2025,TRANSFER | UPI20250116000020231 | NABIRASUL | U@0403898,,20.00,"20,852.70"
14/01/2025,TRANSFER | UPI20250114000355114 | UJJWAL GOWDA | U@0169573,,27.00,"20,872.70"
14/01/2025,TRANSFER | UPI20250114000331327 | LATHA | U@0364898,,27.00,"20,899.70"
13/01/2025,TRANSFER | UPI20250113001468633 | MIAMI SUPERMARKET | U@1385797,,103.00,"20,926.70"
13/01/2025,TRANSFER | UPI20250113001464211 | Mr GIRISH G T | U@1487569,,100.00,"21,029.70"
13/01/2025,TRANSFER | UPI20250113001316824 | CHETHAN P | U@1356352,,60.00,"21,129.70"
12/01/2025,TRANSFER | UPI20250113000835151 | M L SATHISHKUMAR | U@0963163,,96.00,"21,189.70"
12/01/2025,TRANSFER | UPI20250113000795590 | KARTHIK H N | U@0756460,,100.00,"21,285.70"
12/01/2025,TRANSFER | UPI20250113000773292 | Polar Bear Malleshwaram | U@0850976,,394.00,"21,385.70"
12/01/2025,TRANSFER | UPI20250113000723087 | BHAVYA A | U@1040997,,186.00,"21,779.70"
12/01/2025,TRANSFER | UPI20250113000709454 | KARTHIK H N | U@0640810,,50.00,"21,965.70"
12/01/2025,TRANSFER | UPI20250113000702726 | BHAVYA A | U@0937493,,649.00,"22,015.70"
12/01/2025,TRANSFER | UPI20250113000698961 | KARTHIK H N | U@0936677,,60.00,"22,664.70"
12/01/2025,TRANSFER | UPI20250113000633717 | RAMESH B N | U@0824571,,85.00,"22,724.70"
12/01/2025,ATM | KA SGST @ 9.00000000 | GS2501380000316903 | A99900526,,45.90,"22,809.70"
12/01/2025,ATM | KA CGST @ 9.00000000 | GS2501380000316902 | A99900526,,45.90,"22,855.60"
12/01/2025,ATM | 12JAN25 ELECTRO 02:02:03 | GB077579GBP 137.00 | DC Overseas Overseas Trx | ASSOCIATION OF CHARTERED | A89500001,,14572.41,"22,901.50"
12/01/2025,ATM | DC Overses MarkupFee | A99900526,,510.03,"37,473.91"
11/01/2025,TRANSFER | UPI20250113000530601 | VARSHITHA N | U@0903437,180.00,,"37,983.94"
10/01/2025,TRANSFER | UPI20250110000438512 | LEKHRAJ P | U@0387107,,5000.00,"37,803.94"
10/01/2025,TRANSFER | UPI20250110000435015 | KARTHIK H N | U@0484925,,50.00,"42,803.94"
10/01/2025,TRANSFER | UPI20250110000298335 | Pushpalatha S D | U@0258257,,50.00,"42,853.94"
10/01/2025,TRANSFER | UPI20250110000297418 | Bangalore Metro Rail Corporation Lt | U@0358812,,20.90,"42,903.94"
10/01/2025,TRANSFER | UPI20250110000290503 | PUSHPALATHA S D | U@0156101,,100.00,"42,924.84"
10/01/2025,TRANSFER | UPI20250110000275748 | Mantri Square Mall-DW | U@0354774,,271.00,"43,024.84"
10/01/2025,TRANSFER | UPI20250110000272110 | GOPIZZA INDIA P LTD | U@0553145,,424.00,"43,295.84"
10/01/2025,TRANSFER | UPI20250110000205118 | YASHASWINI H | U@0239460,472.00,,"43,719.84"
10/01/2025,TRANSFER | UPI20250110000201487 | YASHASWINI H | U@0138894,14100.00,,"43,247.84"
09/01/2025,TRANSFER | UPI20250109000116391 | CRED | U@0523320,,983.83,"29,147.84"
07/01/2025,TRANSFER | UPI20250107000369380 | VARSHITHA N | U@0174747,3550.00,,"30,131.67"
07/01/2025,TRANSFER | UPI20250107000353817 | NABIRASUL | U@0171694,,39.00,"26,581.67"
07/01/2025,TRANSFER | UPI20250107000349686 | LATHA | U@0368849,,10.00,"26,620.67"
07/01/2025,TRANSFER | UPI20250107000087908 | KARTHIK H N | U@0216404,6000.00,,"26,630.67"
06/01/2025,TRANSFER | UPI20250106001017776 | Mrs JAYALAKSHMI | U@1201196,,35.00,"20,630.67"
06/01/2025,TRANSFER | UPI20250106001012656 | ANJANEYA D T | U@0899298,,40.00,"20,665.67"
06/01/2025,TRANSFER | UPI20250106000992955 | Mrs JAYALAKSHMI | U@1178219,,80.00,"20,705.67"
06/01/2025,TRANSFER | UPI20250106000985777 | UJJWAL GOWDA | U@0893943,,27.00,"20,785.67"
06/01/2025,TRANSFER | UPI20250106000981371 | GIDDAPPA | U@0794019,,10.00,"20,812.67"
06/01/2025,TRANSFER | UPI20250106000977359 | VEERA KYATAPPA | U@0793274,,198.00,"20,822.67"
06/01/2025,TRANSFER | UPI20250106000867654 | VENUGOPAL S | U@0968884,,284.00,"21,020.67"
06/01/2025,TRANSFER | UPI20250106000833715 | Delhivery Limited | U@0863559,,400.00,"21,304.67"
05/01/2025,TRANSFER | UPI20250106000492768 | MANJUNATH C P | U@0297238,,60.00,"21,704.67"
05/01/2025,TRANSFER | UPI20250106000254628 | SMARTSHIFT LOGISTICS SOLUTIONS PRIV | U@0549833,,266.00,"21,764.67"
04/01/2025,TRANSFER | UPI20250104000204757 | MEDISELLER | U@0713430,,150.00,"22,030.67"
04/01/2025,TRANSFER | UPI20250104000170596 | Zomato Online Order | U@0806642,,348.35,"22,180.67"
04/01/2025,TRANSFER | ECS-BD-IndusindBankLoan | TIAJ11158593 | Z@ED48824,,11377.00,"22,529.02"
03/01/2025,TRANSFER | UPI20250103001216977 | ROSHAN ZAMEER | U@1342863,,330.00,"33,906.02"
03/01/2025,TRANSFER | UPI20250103001048838 | Mr RAVINDRA K | U@1506549,,347.00,"34,236.02"
03/01/2025,TRANSFER | UPI20250103001047149 | SYED BASID | U@1407549,,20.00,"34,583.02"
03/01/2025,TRANSFER | UPI20250103001026355 | Zomato Ltd | U@1105915,,518.95,"34,603.02"
03/01/2025,TRANSFER | UPI20250103000406507 | Mrs JAYALAKSHMI | U@0281868,,5.00,"35,121.97"
03/01/2025,TRANSFER | UPI20250103000405452 | Mrs JAYALAKSHMI | U@0480798,,30.00,"35,126.97"
03/01/2025,TRANSFER | UPI20250103000404708 | NABIRASUL | U@0381181,,20.00,"35,156.97"
01/01/2025,INTEREST | CREDIT INTEREST | FROM OCT24 TO DEC24 | ZDD400001,370.70,,"35,176.97"
01/01/2025,TRANSFER | UPI20250101000187985 | MANJUNATHA M | U@0137489,,60.00,"34,806.27"
01/01/2025,TRANSFER | UPI20250101000154003 | NARAYANA SWAMY S O RANGANARASIMHAIA | U@0329099,,73.00,"34,866.27"
31/12/2024,TRANSFER | UPI20241231000317476 | Anil Kumar K | U@0630148,,215.00,"34,939.27"
31/12/2024,TRANSFER | UPI20241231000278290 | INDRADEVIJAT | U@0253773,,90.00,"35,154.27"
31/12/2024,TRANSFER | UPI20241231000273613 | SRI GANESH PHARMA | U@0553656,,550.00,"35,244.27"
31/12/2024,TRANSFER | UPI20241231000252718 | RAMCHANDRA | U@0450384,,85.00,"35,794.27"
31/12/2024,TRANSFER | UPI20241231000226333 | MAHESH LABORATORY | U@0544122,,1750.00,"35,879.27"
31/12/2024,TRANSFER | UPI20241231000223468 | BAGLODY MAHESH | U@0444506,,700.00,"37,629.27"
31/12/2024,TRANSFER | UPI20241231000197030 | G D MUNI RAJU | U@0139744,,221.00,"38,329.27"
30/12/2024,TRANSFER | UPI20241230001365227 | JAGADISH BORAGONDANAHALLI SHADAKSHR | U@1367493,,40.00,"38,550.27"
30/12/2024,TRANSFER | UPI20241230001301839 | MANJUNATHA M | U@1159863,,65.00,"38,590.27"
30/12/2024,TRANSFER | UPI20241230001224711 | MC DONALDS | U@1437094,,234.00,"38,655.27"
30/12/2024,TRANSFER | UPI20241230001196672 | VARSHITHA N | U@1431747,,210.00,"38,889.27"
30/12/2024,TRANSFER | UPI20241230001178690 | Biggies Burger AECS Layout | U@1135829,,418.00,"39,099.27"
30/12/2024,TRANSFER | UPI20241230001085605 | HOSALAPPA BASAVARAJU | U@1311885,,50.00,"39,517.27"
29/12/2024,TRANSFER | UPI20241230000926752 | SHASHANK D M | U@1078558,,45.00,"39,567.27"
29/12/2024,TRANSFER | UPI20241230000546021 | ZOMATO | U@0610649,,197.44,"39,612.27"
29/12/2024,TRANSFER | UPI20241230000541475 | SHINOJ PIRUKKINTE PARAMBATH | U@0609382,,40.00,"39,809.71"
28/12/2024,TRANSFER | UPI20241230000363409 | KARTHIK H N | U@0270808,,200.00,"39,849.71"
28/12/2024,TRANSFER | UPI20241230000276679 | MANGAL SINGH | U@0555343,,40.00,"40,049.71"
28/12/2024,TRANSFER | UPI20241230000160928 | MANJUNATH M R | U@0130332,,84.00,"40,089.71"
28/12/2024,TRANSFER | UPI20241230000136415 | NEW AGARWAL BHAVAN DASANPURA | U@0125676,,40.00,"40,173.71"
28/12/2024,TRANSFER | UPI20241230000132305 | NEW AGARWAL BHAVAN DASANPURA | U@0527001,,231.00,"40,213.71"
28/12/2024,TRANSFER | UPI20241230000116413 | MOHAN KUMAR N | U@0222405,,78.00,"40,444.71"
27/12/2024,TRANSFER | UPI20241227000082579 | VEERA KYATAPPA | U@0516387,,217.00,"40,522.71"
27/12/2024,TRANSFER | UPI20241227000041537 | ZOMATO | U@0408022,,182.32,"40,739.71"
26/12/2024,TRANSFER | UPI20241226000822769 | NABIRASUL | U@0761448,,29.00,"40,922.03"
26/12/2024,TRANSFER | UPI20241226000712238 | ZOMATO | U@0936472,,169.45,"40,951.03"
26/12/2024,TRANSFER | UPI20241226000610201 | CRED | U@0819736,,4207.97,"41,120.48"
25/12/2024,TRANSFER | UPI20241226000418140 | NAGALAKSHMI V | U@0482213,,6.00,"45,328.45"
24/12/2024,TRANSFER | UPI20241224000018543 | Niranjan Murthy | U@0303450,,200.00,"45,334.45"
23/12/2024,TRANSFER | UPI20241223000911616 | UJJWAL GOWDA | U@0781257,,27.00,"45,534.45"
23/12/2024,TRANSFER | UPI20241223000657254 | ASHWATH P N | U@0829361,,155.00,"45,561.45"
22/12/2024,TRANSFER | UPI20241223000476227 | Jothitalk | U@0295447,,59.00,"45,716.45"
22/12/2024,TRANSFER | UPI20241223000473904 | ASTROTALK | U@0594246,,59.00,"45,775.45"
22/12/2024,TRANSFER | UPI20241223000468530 | Jothitalk | U@0389747,,29.50,"45,834.45"
22/12/2024,TRANSFER | UPI20241223000385957 | NAGALAKSHMI V | U@0373847,,10.00,"45,863.95"
22/12/2024,TRANSFER | UPI20241223000384195 | MEGHA B | U@0373523,,105.00,"45,873.95"
22/12/2024,TRANSFER | UPI20241223000359540 | MANJUNATH C P | U@0470435,,30.00,"45,978.95"
22/12/2024,TRANSFER | UPI20241223000188678 | KARTHIK H N | U@0536802,,300.00,"46,008.95"
22/12/2024,TRANSFER | UPI20241223000179172 | ZOMATO LIMITED | U@0334338,,280.28,"46,308.95"
21/12/2024,TRANSFER | UPI20241221000405477 | UJJWAL GOWDA | U@0580258,,27.00,"46,589.23"
21/12/2024,TRANSFER | UPI20241221000394412 | Mr GIRISH G T | U@0477066,,105.00,"46,616.23"
21/12/2024,TRANSFER | UPI20241221000383208 | REVANNA N | U@0575593,,20.00,"46,721.23"
21/12/2024,TRANSFER | UPI20241221000380286 | MIAMI SUPERMARKET | U@0375403,,82.00,"46,741.23"
21/12/2024,TRANSFER | UPI20241221000361453 | LATHA | U@0470540,,15.00,"46,823.23"
21/12/2024,TRANSFER | UPI20241221000285114 | MANGAL SINGH | U@0356242,,40.00,"46,838.23"
21/12/2024,TRANSFER | UPI20241221000280306 | MANJUNATH C P | U@0355001,,20.00,"46,878.23"
21/12/2024,TRANSFER | UPI20241221000027252 | NABIRASUL | U@0505052,,13.00,"46,898.23"
21/12/2024,TRANSFER | UPI20241221000025058 | Jayalakshmi | U@0404618,,10.00,"46,911.23"
21/12/2024,TRANSFER | UPI20241221000024925 | NABIRASUL | U@0404581,,38.00,"46,921.23"
20/12/2024,TRANSFER | UPI20241220000182056 | ZOMATO LIMITED | U@0136077,,208.80,"46,959.23"
20/12/2024,TRANSFER | UPI20241220000022389 | Zomato Ltd | U@0104745,,224.50,"47,168.03"
19/12/2024,TRANSFER | UPI20241219000238821 | VENKATHESHA | U@0345483,,50.00,"47,392.53"
19/12/2024,TRANSFER | UPI20241219000200972 | N SAI KRISHNA | U@0538722,,50.00,"47,442.53"
19/12/2024,TRANSFER | UPI20241219000187680 | YAMUNAA S | U@0336385,,110.00,"47,492.53"
19/12/2024,TRANSFER | UPI20241219000151639 | VARSHITHA N | U@0230308,234.00,,"47,602.53"
19/12/2024,TRANSFER | UPI20241219000150274 | Biggies Burger AECS Layout | U@0129818,,468.00,"47,368.53"
19/12/2024,TRANSFER | UPI20241219000078043 | PRAKASHA R | U@0314870,,50.00,"47,836.53"
19/12/2024,TRANSFER | UPI20241219000018971 | NABIRASUL | U@0303647,,20.00,"47,886.53"
18/12/2024,TRANSFER | UPI20241218000369061 | MANJUNATH C P | U@0372321,,40.00,"47,906.53"
18/12/2024,TRANSFER | UPI20241218000303661 | NABIRASUL | U@0360061,,42.00,"47,946.53"
18/12/2024,TRANSFER | UPI20241218000302872 | Jayalakshmi | U@0558312,,20.00,"47,988.53"
18/12/2024,TRANSFER | UPI20241218000298969 | Jayalakshmi | U@0557670,,20.00,"48,008.53"
18/12/2024,TRANSFER | UPI20241218000295684 | RAKESH KUMAR | U@0358537,,30.00,"48,028.53"
18/12/2024,TRANSFER | UPI20241218000293342 | Raghunath Gobi Center | U@0556576,,60.00,"48,058.53"
18/12/2024,TRANSFER | UPI20241218000291594 | MIAMI SUPERMARKET | U@0357941,,229.00,"48,118.53"
17/12/2024,TRANSFER | UPI20241217000389243 | KARTHIK H N | U@0175253,,100.00,"48,347.53"
17/12/2024,TRANSFER | UPI20241217000321023 | INSTAASTRO | U@0362992,,60.18,"48,447.53"
17/12/2024,TRANSFER | UPI20241217000179178 | ZOMATO | U@0335087,,287.65,"48,507.71"
16/12/2024,TRANSFER | UPI20241216001463494 | C KUMAR | U@1486147,,235.00,"48,795.36"
16/12/2024,TRANSFER | UPI20241216001431947 | GNANE GOWDA S P | U@1182533,,50.00,"49,030.36"
16/12/2024,TRANSFER | UPI20241216001423978 | PRABHU RAM | U@1181094,,150.00,"49,080.36"
16/12/2024,TRANSFER | UPI20241216001350565 | RAMANAGOUDA | U@1561549,,61.00,"49,230.36"
16/12/2024,TRANSFER | UPI20241216001328022 | PRADEEP R | U@1359644,,215.00,"49,291.36"
16/12/2024,TRANSFER | UPI20241216001229233 | STREET FEASTS PRIVAT | U@1244074,,60.00,"49,506.36"
16/12/2024,TRANSFER | UPI20241216001204485 | STREET FEASTS PRIVAT | U@1139045,,100.00,"49,566.36"
16/12/2024,TRANSFER | UPI20241216001203985 | STREET FEASTS PRIVAT | U@1533601,,100.00,"49,666.36"
16/12/2024,TRANSFER | UPI20241216001150545 | Bangalore Metro Rail Corporation Lt | U@1229126,,1000.00,"49,766.36"
16/12/2024,TRANSFER | UPI20241216001149296 | MOHAMMED SHAREEF | U@1423195,,50.00,"50,766.36"
16/12/2024,TRANSFER | UPI20241216001124655 | ACT Broadband | U@1418623,,883.82,"50,816.36"
14/12/2024,TRANSFER | UPI20241216000396983 | MIAMI SUPERMARKET | U@0180901,,583.00,"51,700.18"
14/12/2024,TRANSFER | UPI20241216000388989 | VEERA KYATAPPA | U@0576251,,10.00,"52,283.18"
14/12/2024,TRANSFER | UPI20241216000386892 | VEERA KYATAPPA | U@0275769,,15.00,"52,293.18"
13/12/2024,TRANSFER | UPI20241213000447593 | GOVINDASWAMY | U@0387881,,255.00,"52,308.18"
13/12/2024,TRANSFER | UPI20241213000405209 | SHANID PAZHUKKATH VA | U@0379985,,40.00,"52,563.18"
13/12/2024,TRANSFER | UPI20241213000401509 | NEETU KUMAR | U@0278822,,60.00,"52,603.18"
13/12/2024,TRANSFER | UPI20241213000397066 | SANJAY P | U@0478379,,400.00,"52,663.18"
13/12/2024,TRANSFER | UPI20241213000381095 | SRIDHAR HOLLA K N | U@0175626,,50.00,"53,063.18"
13/12/2024,TRANSFER | UPI20241213000377444 | SUDHA BAI K T | U@0273831,,130.00,"53,113.18"
13/12/2024,TRANSFER | UPI20241213000261574 | BASAVARAJA C N | U@0251346,,261.00,"53,243.18"
13/12/2024,TRANSFER | UPI20241213000211018 | Bangalore Metro Rail Corporation Lt | U@0241549,1000.00,,"53,504.18"
12/12/2024,TRANSFER | UPI20241212000242725 | VENAKTESH K T | U@0447964,,48.00,"52,504.18"
12/12/2024,TRANSFER | UPI20241212000127629 | Bangalore Metro Rail Corporation Lt | U@0127028,,50.00,"52,552.18"
12/12/2024,TRANSFER | UPI20241212000121144 | M H SUNIL KUMAR | U@0323153,,45.00,"52,602.18"
12/12/2024,TRANSFER | UPI20241212000120622 | Bangalore Metro Rail Corporation Lt | U@0125521,,1000.00,"52,647.18"
11/12/2024,TRANSFER | UPI20241211000458798 | KARTHIK H N | U@0488997,,400.00,"53,647.18"
11/12/2024,HEXAGON | MPR2425ODEC0832 | B345000224720001 | M-PANELS RESEARCH SRVCS | FULL & FINAL SETTLEMENT | YHEI07791,15771.00,,"54,047.18"
10/12/2024,TRANSFER | UPI20241210000475226 | VARSHITHA N | U@0593486,2100.00,,"38,276.18"
10/12/2024,TRANSFER | UPI20241210000134329 | AMAZON SELLER SERVICES PRIVATE LIMI | U@0327141,,1697.25,"36,176.18"
10/12/2024,TRANSFER | UPI20241210000081899 | YETISH T N | U@0515789,,1850.00,"37,873.43"
10/12/2024,TRANSFER | UPI20241210000023540 | NABIRASUL | U@0304505,,58.00,"39,723.43"
09/12/2024,TRANSFER | UPI20241209001074255 | KARTHIK H N | U@1410453,,400.00,"39,781.43"
09/12/2024,TRANSFER | UPI20241209001002782 | Zomato Ltd | U@1100257,,227.05,"40,181.43"
09/12/2024,TRANSFER | UPI20241209000660884 | MAHADEVAIAH M SSBA | U@0829563,,20.00,"40,408.48"
09/12/2024,TRANSFER | UPI20241209000659797 | UMESH S | U@0633321,,25.00,"40,428.48"
09/12/2024,TRANSFER | UPI20241209000657982 | UMESH S | U@0727512,,90.00,"40,453.48"
08/12/2024,TRANSFER | UPI20241209000194953 | Mr MANJUNATHA G | U@0336987,,40.00,"40,543.48"
08/12/2024,TRANSFER | UPI20241209000193988 | MANJUNATH C P | U@0438912,,75.00,"40,583.48"
07/12/2024,TRANSFER | UPI20241207000399535 | LEKHRAJ P | U@0276884,,5000.00,"40,658.48"
07/12/2024,TRANSFER | UPI20241207000354711 | PRAMOD SAHOO | U@0268433,,60.00,"45,658.48"
07/12/2024,TRANSFER | UPI20241207000345002 | New city cafe | U@0168135,,35.00,"45,718.48"
07/12/2024,TRANSFER | UPI20241207000269549 | MC DONALDS | U@0252074,,515.00,"45,753.48"
07/12/2024,TRANSFER | UPI20241207000154557 | MADHU MOHAN | U@0331682,,60.00,"46,268.48"
07/12/2024,TRANSFER | UPI20241207000129545 | LATHA | U@0224605,,15.00,"46,328.48"
06/12/2024,TRANSFER | UPI20241206000274679 | Hindustan Petroleum Corporation Lim | U@0153247,,805.50,"46,343.48"
06/12/2024,TRANSFER | UPI20241206000272355 | POKONUT | U@0355619,,474.05,"47,148.98"
06/12/2024,TRANSFER | UPI20241206000237316 | ZOMATO LIMITED | U@0246957,,184.00,"47,623.03"
05/12/2024,TRANSFER | UPI20241205000420861 | RAKESH KUMAR | U@0582931,,110.00,"47,807.03"
05/12/2024,TRANSFER | UPI20241205000419737 | RAKESH KUMAR | U@0384142,,185.00,"47,917.03"
05/12/2024,TRANSFER | UPI20241205000345594 | MAMATHA | U@0568364,,20.00,"48,102.03"
05/12/2024,TRANSFER | UPI20241205000344317 | PADMA N | U@0466007,,30.00,"48,122.03"
05/12/2024,TRANSFER | UPI20241205000336498 | Mr GIRISH G T | U@0566647,,150.00,"48,152.03"
04/12/2024,TRANSFER | UPI20241204000443599 | MANJUNATH C P | U@0840733,,20.00,"48,302.03"
04/12/2024,TRANSFER | UPI20241204000440994 | NABIRASUL | U@0840249,,38.00,"48,322.03"
04/12/2024,TRANSFER | UPI20241204000299089 | SANTHOSH O P | U@0811584,,20.00,"48,360.03"
04/12/2024,TRANSFER | ECS-BD-IndusindBankLoan | TIAJ10943046 | Z@ED55295,,11377.00,"48,380.03"
03/12/2024,TRANSFER | UPI20241203001125895 | KUMAR | U@1423732,,269.00,"59,757.03"
03/12/2024,TRANSFER | UPI20241203001056205 | JAYARAM SHETTY | U@1509269,,130.00,"60,026.03"
03/12/2024,TRANSFER | UPI20241203001048830 | SANJAY P | U@1408622,,400.00,"60,156.03"
03/12/2024,TRANSFER | UPI20241203001034400 | SRIDHAR HOLLA K N | U@1504842,,50.00,"60,556.03"
03/12/2024,TRANSFER | UPI20241203001029768 | SUDHA BAI K T | U@1205872,,40.00,"60,606.03"
03/12/2024,TRANSFER | UPI20241203000981972 | WOW Momo Foods Pvt Ltd | U@1156498,,109.20,"60,646.03"
03/12/2024,TRANSFER | UPI20241203000888056 | SADIK U | U@0877636,,280.00,"60,755.23"
03/12/2024,TRANSFER | UPI20241203000647892 | ONE NINETY SEVEN | U@0728990,,4.00,"61,035.23"
03/12/2024,TRANSFER | UPI20241203000365113 | Mr MANJUNATHA G | U@0273617,,150.00,"61,039.23"
30/11/2024,TRANSFER | UPI20241130000562937 | NAGENDRA C M | U@0910224,,282.00,"61,189.23"
30/11/2024,TRANSFER | UPI20241130000514059 | SUDHA BAI K T | U@0900984,,180.00,"61,471.23"
30/11/2024,TRANSFER | UPI20241130000368117 | KARTHIK H N | U@0374131,10000.00,,"61,651.23"
30/11/2024,TRANSFER | UPI20241130000323614 | SHOBHA T | U@0462739,,200.00,"51,651.23"
30/11/2024,TRANSFER | UPI20241130000170899 | Zomato Online Order | U@0433065,,268.00,"51,851.23"
30/11/2024,TRANSFER | UPI20241130000124543 | LATHA | U@0125084,,15.00,"52,119.23"
28/11/2024,TRANSFER | UPI20241128000390960 | SANDEEP KUMAR JAGARKAL | U@0277164,,15.00,"52,134.23"
28/11/2024,TRANSFER | UPI20241128000390157 | SANDEEP KUMAR JAGARKAL | U@0375588,,20.00,"52,149.23"
28/11/2024,TRANSFER | UPI20241128000336620 | Mr RANGANATH TARIB | U@0365010,,220.00,"52,169.23"
28/11/2024,TRANSFER | UPI20241128000259368 | RAYARA DARSHINI | U@0551694,,15.00,"52,389.23"
28/11/2024,TRANSFER | UPI20241128000255576 | Redbus India Private Limited | U@0148898,,2097.90,"52,404.23"
28/11/2024,TRANSFER | UPI20241128000248515 | RAYARA DARSHINI | U@0147451,,120.00,"54,502.13"
28/11/2024,TRANSFER | UPI20241128000247480 | EDIGA SHESHADRI | U@0347576,,150.00,"54,622.13"
28/11/2024,TRANSFER | UPI20241128000221285 | LALITHA | U@0243223,,25.00,"54,772.13"
28/11/2024,TRANSFER | UPI20241128000127126 | SRS MUTT COLLECTION AC | U@0323811,,500.00,"54,797.13"
28/11/2024,TRANSFER | UPI20241128000027664 | JANGAM PEDDA VEERESH | U@0405520,,150.00,"55,297.13"
28/11/2024,TRANSFER | UPI20241128000023531 | ARIPOGULA SUNITAMMA | U@0104313,,1500.00,"55,447.13"
28/11/2024,CASH W/D | 28NOV24 ELECTRO 03:41:22 | IN011612INR 2195.85 | MAX HYPERMARKET INDIA | A89500001,,2195.85,"56,947.13"
27/11/2024,TRANSFER | UPI20241127000435611 | Bangalore Metro Rail Corporation Lt | U@0384388,,200.00,"59,142.98"
27/11/2024,TRANSFER | UPI20241127000434616 | Bangalore Metro Rail Corporation Lt | U@0487800,,33.25,"59,342.98"
27/11/2024,TRANSFER | UPI20241127000433781 | BHARATH K C | U@0185341,,51.00,"59,376.23"
27/11/2024,TRANSFER | UPI20241127000383867 | RAJESH | U@0175465,,50.00,"59,427.23"
27/11/2024,TRANSFER | UPI20241127000327527 | VIRENDRA KUMAR | U@0164125,,20.00,"59,477.23"
27/11/2024,TRANSFER | UPI20241127000327357 | VIRENDRA KUMAR | U@0561322,,20.00,"59,497.23"
27/11/2024,TRANSFER | UPI20241127000251264 | NARASIMHAIAH N | U@0250361,,269.00,"59,517.23"
27/11/2024,TRANSFER | UPI20241127000083119 | Redbus India Private Limited | U@0417553,,1829.00,"59,786.23"
26/11/2024,TRANSFER | UPI20241126000390515 | SANTHOSH | U@0477618,,50.00,"61,615.23"
26/11/2024,TRANSFER | UPI20241126000384117 | KARTHIK H N | U@0275675,,100.00,"61,665.23"
26/11/2024,TRANSFER | UPI20241126000318176 | SUDHA BAI K T | U@0262463,,60.00,"61,765.23"
26/11/2024,TRANSFER | UPI20241126000233778 | CHETHAN C | U@0544201,,264.00,"61,825.23"
26/11/2024,TRANSFER | UPI20241126000034564 | CRED | U@0506731,,4330.49,"62,089.23"
25/11/2024,TRANSFER | UPI20241125001319900 | KANTESH LAMANI | U@1458843,,95.00,"66,419.72"
24/11/2024,TRANSFER | UPI20241125000857044 | WILSON M | U@1166867,,50.00,"66,514.72"
24/11/2024,TRANSFER | UPI20241125000812543 | DHARNISH M C | U@1057033,,50.00,"66,564.72"
23/11/2024,TRANSFER | UPI20241125000400092 | Mr GIRISH G T | U@0278385,,310.00,"66,614.72"
23/11/2024,TRANSFER | UPI20241125000108548 | LATHA | U@0120257,,35.00,"66,924.72"
22/11/2024,TRANSFER | UPI20241122000397793 | RAMESH B | U@0176653,,58.00,"66,959.72"
22/11/2024,TRANSFER | UPI20241122000359745 | VIRENDRA KUMAR | U@0570671,,20.00,"67,017.72"
22/11/2024,TRANSFER | UPI20241122000355355 | SUDHA BAI K T | U@0369312,,185.00,"67,037.72"
22/11/2024,TRANSFER | UPI20241122000275815 | MAHESH Y M | U@0152602,,280.00,"67,222.72"
22/11/2024,CASH W/D | 22NOV24 ELECTRO 03:44:38 | IN069699INR 312.01 | K208 KFC MANTRI SQUARE | A89500001,,312.01,"67,502.72"
21/11/2024,TRANSFER | UPI20241121000318963 | Vincent Raj A | U@0261655,,27.00,"67,814.73"
21/11/2024,TRANSFER | UPI20241121000254894 | FAIROZ | U@0450365,,100.00,"67,841.73"
21/11/2024,TRANSFER | UPI20241121000228584 | Roju Dutta | U@0545545,,390.00,"67,941.73"
21/11/2024,TRANSFER | UPI20241121000173711 | SHIVARAJ B S | U@0434113,,221.00,"68,331.73"
20/11/2024,TRANSFER | UPI20241120000377976 | DEEPU Y N | U@0470554,,54.00,"68,552.73"
20/11/2024,TRANSFER | UPI20241120000319195 | K208 KFC Mantri Sqr MA BGL Kiosk | U@0458575,,312.00,"68,606.73"
20/11/2024,TRANSFER | UPI20241120000241354 | RAMESHA T | U@0147756,,256.00,"68,918.73"
19/11/2024,TRANSFER | UPI20241119000263711 | MANGAL SINGH | U@0352126,,110.00,"69,174.73"
19/11/2024,TRANSFER | UPI20241119000262967 | MANJUNATH C P | U@0351974,,140.00,"69,284.73"
17/11/2024,TRANSFER | UPI20241118000449953 | KARTHIK H N | U@0190477,,500.00,"69,424.73"
17/11/2024,TRANSFER | UPI20241118000438893 | KARTHIK H N | U@0286827,,500.00,"69,924.73"
15/11/2024,TRANSFER | UPI20241115000328203 | VIShWAS CATERING | U@0264798,,50.00,"70,424.73"
15/11/2024,TRANSFER | UPI20241115000265546 | KIRAN KUMAR R | U@0152212,,256.00,"70,474.73"
15/11/2024,TRANSFER | UPI20241115000149550 | SANTHOSH O P | U@0328854,,80.00,"70,730.73"
15/11/2024,TRANSFER | UPI20241115000129610 | Mrs JAYALAKSHMI | U@0425575,,60.00,"70,810.73"
14/11/2024,TRANSFER | UPI20241114000247032 | Mohammed Yaseen | U@0348747,,45.00,"70,870.73"
14/11/2024,TRANSFER | UPI20241114000209785 | VINAYAK DEVADIGA | U@0440516,,310.00,"70,915.73"
14/11/2024,TRANSFER | UPI20241114000206691 | RANGASWAMY | U@0340758,,59.00,"71,225.73"
14/11/2024,TRANSFER | UPI20241114000164833 | V S SHEKARA | U@0332230,,225.00,"71,284.73"
14/11/2024,TRANSFER | UPI20241114000128661 | ACT Broadband | U@0524525,,883.82,"71,509.73"
13/11/2024,TRANSFER | UPI20241113000389778 | SRINIVASA | U@0278053,,224.00,"72,393.55"
13/11/2024,TRANSFER | UPI20241113000340324 | SHANID PAZHUKKATH | U@0468123,,110.00,"72,617.55"
13/11/2024,TRANSFER | UPI20241113000262584 | Shyamala S | U@0252782,,55.00,"72,727.55"
13/11/2024,TRANSFER | UPI20241113000242871 | BHUMIKA N G | U@0547420,,254.00,"72,782.55"
12/11/2024,TRANSFER | UPI20241112000321114 | Sumathi | U@0562676,,90.00,"73,036.55"
12/11/2024,TRANSFER | UPI20241112000271936 | Zomato Ltd | U@0452490,,170.88,"73,126.55"
11/11/2024,TRANSFER | UPI20241111001441817 | SANTHOSH O P | U@1581170,,10.00,"73,297.43"
11/11/2024,TRANSFER | UPI20241111001350955 | Bangalore Metro Rail Corporation Lt | U@1466373,,47.50,"73,307.43"
11/11/2024,TRANSFER | UPI20241111001344696 | Mr SHEKAR H | U@1562699,,91.00,"73,354.93"
11/11/2024,TRANSFER | UPI20241111001280179 | AADVITHAS SPICE KITCHEN | U@1252974,,693.00,"73,445.93"
11/11/2024,TRANSFER | UPI20241111001272509 | Jio | U@1353186,,902.00,"74,138.93"
11/11/2024,TRANSFER | UPI20241111001209550 | Lekhraj P | U@1535770,,5000.00,"75,040.93"
10/11/2024,TRANSFER | UPI20241111000812518 | NABIRASUL | U@0858381,,20.00,"80,040.93"
10/11/2024,TRANSFER | UPI20241111000688805 | SUREKHA V SHETTY | U@0636250,,80.00,"80,060.93"
10/11/2024,TRANSFER | UPI20241111000683896 | SUREKHA V SHETTY | U@0635100,,60.00,"80,140.93"
09/11/2024,TRANSFER | UPI20241111000413799 | Umadevi Fashion | U@0480695,,90.00,"80,200.93"
09/11/2024,TRANSFER | UPI20241111000290327 | Hatti Kaapi Orion Mall Malleshwara | U@0357320,,30.00,"80,290.93"
09/11/2024,TRANSFER | UPI20241111000287709 | Hatti Kaapi Orion Mall Malleshwara | U@0356720,,360.00,"80,320.93"
09/11/2024,TRANSFER | UPI20241111000283800 | SEASONS | U@0255826,,100.00,"80,680.93"
09/11/2024,TRANSFER | UPI20241111000255649 | LIFE STYLE INTERNATIONAL PVT LTD | U@0449462,,200.00,"80,780.93"
09/11/2024,TRANSFER | UPI20241111000203680 | KASHIGIRI CONDIMENTS | U@0340465,,15.00,"80,980.93"
09/11/2024,"TRANSFER | UPI20241111000043426 | LATHA | U@0309144 | We refer to RBI notification dated December 14, 2012 where banks have been mandated to issue Cheque Truncation System (CTS- | 2010) compliant cheque books to customers. We are pleased to advise that since March 2012, HSBC India has been issuing CTS- | 2010 compliant cheque books to all its customers. Should you for any reason be holding a cheque book issued prior to March 2012, | we request you to obtain a CTS2010 compliant cheque book at the earliest. From time to time, we seek your valuable feedback | through reputed research agencies in order to understand your requirements better and to improve our services. Please do not | share any personal or confidential information about yourself or your account with these agencies. Thank you for your kind | participation in these surveys. The nomination facility offers you a simple process to allocate your wealth with the bank, in favour of | your chosen nominee(s). You can register a nomination on each of your bank or fixed deposit accounts and/or Safe Deposit lockers | in favour of the same or different nominee. You also have the option to change the nomination in future as per your preference. The | process to register or change a nomination can be done by completing the relevant forms, signed by all the account holders, and | submitting them at any of the HSBC India branches. The nominee can approach the bank to claim the proceeds of the nominated | account or locker (on the demise of accountholder/s) in a simple and convenient manner. We have recently amended our account | rules and product terms and conditions. Please visit our website http://www.hsbc.co.in/1/2/personal/personal-banking to view the | detailed terms and conditions. Please note that basis Goods and Services Tax (GST) regulations and notified GST rates, Central | GST, State/Union Territory GST, or Inter-State GST, as applicable, and Cess as applicable would apply on our fees and charges. | HSN (Harmonized System Nomenclature) Code: 9971- Financial services and related services which includes 997112, 997113, | 997119, 997152, 997157. HSBC State List and GSTN Details: | Maharashtra:27AAACT2786P1ZN              West Bengal:19AAACT2786P1ZK              Tamil Nadu:33AAACT2786P1ZU | Delhi:07AAACT2786P1ZP                    Haryana:06AAACT2786P1ZR                   Chandigarh:04AAACT2786P1ZV | Rajasthan:08AAACT2786PZN                 Telangana:36AAACT2786P1                   Karnataka:29AAACT2786P1 | Kerala:32AAACT2786P1ZW                    Gujarat:24AAACT2786P1ZT                  Uttar Pradesh:09AAACT2786P1ZL",,15.00,"80,995.93"
